2472 4330
847 291 940 376 107

92 481 237 585 ciuntur,¹
257 525 329 576 non
345 523 431 600 opus
443 519 495 573 est
508 501 615 574 multa
630 500 804 601 disputare
820 509 868 588 ¹).
918 506 1001 577 Om-

90 647 154 697 nes
172 625 280 698 litere
303 626 484 698 maximam
510 645 642 724 partem
673 623 930 706 Runica‘nrnr,
967 647 1002 700 ct

88 750 121 820 si
137 749 399 844 inscriptiones,
427 747 561 845 dequo
585 768 700 820 tamen
725 745 921 828 dubitatur,
946 768 1008 837 ge-

90 871 206 942 noina
225 891 323 953 sunt,
363 871 549 943 ostendunt
577 894 646 943 non
669 872 780 944 solum
803 869 892 970 apud
916 873 1005 942 Ger·

4 985 5 990 ’
90 1013 212 1063 manos
237 992 297 1065 sed
328 995 429 1065 etiam
460 992 548 1091 apud
574 991 738 1062 Lithauos
764 975 843 1062 sive'
866 992 1005 1063 vendor

83 1135 295 1211 'usurpatum
318 1109 427 1186 fuisse
461 1111 676 1210 alphabetum
702 1116 893 1196 leonicum,
945 1115 1005 1184 illo

89 1254 209 1306 tamen
227 1235 439 1317 discrimine,
473 1237 565 1332 quod
584 1223 619 1307 hi
635 1259 676 1306 ex
693 1219 872 1334 alphabeto
882 1239 1006 1310 Graeco
1120 1279 1125 1288 ·

89 1359 239 1431 mutuati
259 1358 328 1431 sint
348 1358 481 1439 literas,
511 1381 585 1456 qua
600 1357 688 1455 apud
709 1353 860 1432 Runicos
878 1361 1007 1434 nullam

87 1477 159 1553 sibi
175 1482 352 1579 propriam
378 1475 523 1574 liguram
548 1478 753 1582 habuerunt.
805 1489 918 1580 Atque
939 1481 1007 1554 hoc

89 1600 135 1675 ad
161 1597 393 1676 definiendam
425 1602 547 1675 harum
575 1604 841 1702 inscriptionum
875 1622 1008 1674 etatem

7 1705 11 1718 ¹
89 1725 211 1814 magni
227 1727 394 1822 momenti
411 1748 484 1796 esse
504 1723 620 1797 crc'do.
673 1727 771 1798 Idem
787 1727 876 1799 valet
893 1725 936 1798 dc
955 1729 1009 1800 in-

92 1846 285 1944 scriptione
306 1845 417 1916 veteri
441 1845 634 1925 dommim,
661 1851 755 1920 cuius
778 1874 879 1948 supra
902 1861 932 1938 ς.
963 1878 1003 1924 ιι

91 1972 309 2042 mentionem
332 1960 499 2053 fecimus;
551 1963 622 2034 haec
638 1969 738 2036 ctiam
756 1968 877 2064 probat
894 1973 1009 2044 Runas

27 2070 31 2075 ’
91 2091 182 2189 apud
202 2092 362 2164 Slavones
388 2087 423 2160 in
440 2110 504 2159 usu
522 2082 645 2171 fuisse3
673 2083 733 2157 sed
756 2109 834 2158 cum
851 2090 1010 2186 plurime

92 2215 133 2288 in
147 2213 203 2285 illa
225 2209 334 2284 obviae
360 2213 467 2283 literae
488 2210 528 2282 od
550 2209 833 2282 consuetudinem
856 2218 1010 2288 Graecam

93 2337 252 2412 lornarae
273 2336 363 2416 sint,
402 2333 524 2420 seriori
547 2335 657 2415 erari,
696 2359 777 2406 cum
801 2339 1010 2416 invalescere
1092 2349 1094 2358 ’

95 2462 195 2561 crepis
212 2460 380 2560 scriptura
393 2480 513 2553 greca,
540 2452 647 2528 tribui
664 2453 776 2539 debet.

494 2705 527 2793 §.
553 2725 615 2794 42.

201 2878 348 2956 Sufficiat
370 2881 440 2953 haec
459 2879 503 2953 dc
527 2880 636 2952 Runis
651 2877 866 2954 Germanicis
884 2879 921 2953 in
938 2882 1012 2956 uui·

97 3005 242 3083 vcrsum
257 3005 442 3086 monuisse.
493 3003 684 3077 Atdantur
705 3025 869 3103 preterec
891 3028 1013 3079 moou-

96 3148 215 3206 menta
225 3128 379 3230 quasdam
389 3125 530 3209 Runicc,
547 3149 632 3224 quae,
651 3127 681 3200 ai
696 3128 901 3226 scripturam
918 3150 1012 3229 spec·

104 3371 375 3393 Μ

139 3526 172 3595 ¹)
190 3528 253 3588 llld.
277 3531 383 3586 Arrndt
409 3524 603 3612 Palaeogrsplsls
629 3524 759 3582 Scandira
780 3522 913 3595 lincopia
938 3529 1011 3583 18t8

147 3615 151 3624 ’
179 3616 208 3674 in
228 3618 314 3679 elna
332 3631 447 3692 patente.
489 3615 545 3680 clu
563 3617 654 3676 March
671 3609 858 3674 Altertlrllmsr'
876 3614 923 3670 det
940 3612 1013 3672 Obo-

180 3705 272 3768 nitens
