2472 4330
311 249 400 326 122

244 473 334 542 ptum
352 461 470 526 natum
487 452 611 546 gettia,
646 451 738 528 nunt
755 447 829 528 iere
843 449 942 528 nobit
958 467 1092 524 cervara
1110 465 1161 524 eat

244 581 429 658 memoria,
456 577 502 668 itt
517 578 619 648 etirm
635 598 705 648 non
721 573 937 660 mirandum,
963 575 992 648 si
1003 574 1058 648 hia
1075 592 1161 651 tem·

243 698 385 800 potibus
420 699 548 770 nuliam
581 703 753 772 Runarum
787 701 1001 774 mentionem
1034 692 1159 771 iactam

245 848 316 898 ecte
335 823 560 898 inveniamus.
626 823 724 909 Utut,
743 845 856 896 tutem
881 827 1056 894 Runarum
1072 819 1158 901 heic,

244 967 281 1020 ut
294 944 383 1046 apud
402 949 613 1026 Germtnot,
652 942 693 1018 ab
707 946 806 1018 initio
822 949 960 1021 videtur
974 941 1082 1018 fuitsc
1100 941 1161 1014 du·

243 1071 339 1171 plen,
368 1070 570 1167 scriptorius
591 1093 714 1170 nempe
732 1092 765 1142 ct
786 1074 952 1165 magicus.
1018 1071 1071 1138 De
1088 1088 1161 1136 ma·

242 1197 317 1288 gica
335 1189 456 1260 Othini
479 1195 653 1264 Runarum
678 1196 800 1292 peritia
817 1204 853 1284 ¹)
872 1193 977 1266 multa
992 1187 1164 1262 habentur

242 1315 278 1384 in
296 1307 504 1398 carminibus
521 1314 660 1385 Eddicit
677 1318 892 1402 testimonir5
929 1315 972 1388 dc
992 1315 1164 1412 scriptura

241 1415 355 1506 tutem
367 1436 507 1518 Runica,
528 1453 694 1533 quantum
711 1439 856 1514 memini
868 1437 1010 1510 nullum.
1064 1435 1166 1506 Nam

243 1561 393 1630 carmina
415 1558 518 1640 Eddoe
543 1560 750 1648 Voltungicr
767 1568 825 1638 2),
869 1578 944 1648 quc
963 1553 1164 1629 tabularum

243 1681 374 1752 Runice
397 1681 599 1772 scriptarum
617 1677 828 1759 mentionem
845 1669 997 1758 faciunt,
1038 1675 1082 1747 de
1102 1697 1164 1749 re·

240 1796 302 1870 bue
320 1801 354 1868 in
372 1797 572 1878 Germania,
608 1794 726 1868 multis
745 1815 824 1894 post
844 1795 1013 1870 Othinum
1033 1799 1161 1872 reculia

237 1919 364 2012 gestis,
397 1937 514 2011 agunt.
572 1923 742 1992 Curetum
758 1920 880 2016 peritia
897 1921 1070 2019 {iunctum
1087 1943 1161 1994 non

87 2042 93 2055 '
192 2097 194 2104 >
239 2044 308 2118 niti
332 2043 432 2115 certis
459 2038 675 2137 hominibus,
701 2061 735 2111 et
753 2040 809 2112 hir
825 2040 965 2138 quidem
982 2043 1162 2117 nobiliori·

239 2163 306 2238 but
324 2171 377 2254 ³),
416 2165 588 2263 imprimis
604 2159 860 2246 sacerdotibus,
893 2167 1034 2264 proptia
1048 2161 1160 2240 fuicee

239 2283 396 2367 nideror,
423 2287 507 2357 viris
524 2287 652 2383 pariter
667 2309 705 2356 ac
721 2269 889 2370 faminis,
925 2290 971 2360 ita
987 2311 1100 2362 nmen
1118 2305 1160 2360 ut

239 2409 393 2482 cultioris
412 2405 623 2481 educationis
640 2432 727 2482 ercet
745 2413 857 2482 Runtt
873 2411 1014 2502 callere3
1050 2429 1085 2483 at
1102 2434 1158 2482 cat

239 2534 341 2604 etiam
356 2526 531 2603 inferioris
553 2535 654 2635 tortis
671 2532 870 2606 hominibut
884 2532 1058 2607 interdum
1074 2555 1156 2626 cog·
1217 2615 1218 2635 χ

162 2735 166 2744 .
239 2660 329 2752 nitar
350 2652 478 2734 fuisse,
505 2657 609 2755 iplura
636 2677 715 2730 aunt
737 2675 894 2732 veterum
907 2653 1159 2732 hittoricotum'

239 2782 436 2852 testimonia
451 2774 500 2870 ⁴).

243 2989 512 3015 -ι-ι-...ι--ιι

274 3126 306 3198 1)
325 3124 531 3204 Runattlapittt
550 3125 652 3194 odino
682 3131 871 3206 Grougaidur.
929 3129 1154 3211 vaspmdnirntt

317 3231 368 3272 etc.

271 3292 307 3377 ⁸)
324 3305 389 3367 vin.
406 3305 522 3366 Arlcntl
542 3327 576 3367 en
597 3313 783 3384 gtmlendalm
802 3329 853 3378 ιιι.
876 3330 910 3369 a·
922 3326 965 3370 ta.

272 3400 305 3471 ⁸)
329 3401 362 3455 In
382 3397 499 3472 xigtrnil
524 3414 573 3458 att.
598 3417 631 3472 33
656 3419 842 3463 enumerantur
867 3409 951 3459 Rune
971 3399 1045 3456 inter
1071 3416 1151 3463 actea,

315 3509 375 3564 que
393 3491 461 3562 jttlo
478 3491 612 3549 discendae
635 3509 718 3552 etant.

271 3579 304 3652 ⁴)
326 3582 489 3655 Bigilatugm
521 3583 592 3642 edit.
606 3587 693 3642 Htvn.
718 3601 778 3658 ρας.
805 3543 877 3654 5⁶⁶0.
917 3585 1060 3668 Sutridele
1085 3597 1151 3644 mae.
1213 3571 1214 3612 ¹

267 3719 270 3726 ,
312 3687 371 3743 up.
394 3675 439 3740 ra.
