2468 4344
891 239 953 322 43

195 497 197 502 .
233 443 273 514 In
290 441 435 516 Armen.
536 437 665 531 Gcotg.
805 443 894 514 Ruta

110 561 153 636 R.
302 563 364 638 Re.
570 561 651 632 Rae.
810 560 912 640 Reid.

110 683 158 758 T.
400 755 403 768 ,
569 685 655 761 Tar.
811 682 892 756 Tit.

502 923 535 1006 a.
574 927 632 991 ιε.
755 981 760 992 .

212 1084 397 1180 Postquam
419 1083 462 1154 tle
485 1079 672 1181 alphabetis
701 1079 871 1152 Semiticia
889 1101 922 1152 et
943 1085 1025 1158 Per.

112 1205 195 1278 eicis
211 1207 364 1296 egimus,
400 1202 477 1300 jure
495 1206 596 1274 etiam
614 1201 780 1300 postulati
799 1202 951 1285 videtur,
984 1226 1022 1276 ut

113 1326 330 1426 alphabetum
352 1339 452 1398 vetut
472 1325 715 1424 AEgyptiacum
741 1325 781 1396 ati
805 1329 1027 1426 comparatio·

113 1471 194 1527 nent
210 1447 419 1523 adhibeatur.
469 1458 516 1524 At
532 1473 609 1520 cum
621 1447 774 1522 nondum
791 1469 967 1546 perspecta
980 1451 1025 1521 sit

99 1577 260 1670 ,genuina
282 1571 383 1669 hujus
407 1568 577 1672 alphabeti
601 1574 705 1655 ratio,
747 1570 849 1642 dubia
876 1567 968 1643 iuuet
987 1572 1026 1644 il·
1139 1635 1141 1640 .

114 1697 181 1768 lius
195 1699 236 1768 ad
253 1717 389 1770 nostros
412 1717 493 1770 utus
509 1697 706 1794 applicatio,
733 1714 767 1768 et
784 1698 815 1770 ai
833 1695 891 1767 vel
906 1695 1027 1788 cogni·

113 1835 188 1891 tam
211 1815 413 1890 hebetemus
436 1817 529 1891 illius
549 1819 723 1901 indolem,
761 1819 821 1892 vix
848 1817 1028 1893 crederem

116 1941 199 2014 inde
213 1950 338 2012 novam
356 1940 467 2012 lucem
477 1940 585 2010 Runit
605 1942 731 2010 nostris
751 1938 894 2016 offundi.
933 1945 1029 2014 Nam

81 2127 83 2132 .
117 2065 198 2137 lieet
218 2064 436 2137 admittemus
454 2061 639 2160 AEgyptios
668 2061 849 2159 proprium
871 2059 1029 2136 habuisse

117 2180 353 2284 alphabetum,
379 2185 465 2255 illud
489 2207 602 2256 tamen
618 2177 660 2256 ati
680 2181 855 2282 alphabeta
871 2185 1030 2257 Semitica
1088 2191 1091 2198 “

118 2303 344 2410 referentium
362 2325 435 2376 este
449 2307 654 2399 putaverim.
705 2305 872 2379 Probatur
887 2307 952 2396 hoc
969 2305 1032 2380 sal·

119 2452 192 2506 tem
209 2423 528 2530 obseruationibus,
556 2447 637 2524 quaa
657 2426 701 2498 tle
717 2428 823 2502 literis
845 2434 879 2501 in
897 2433 1031 2523 integu-

118 2553 247 2626 mentis
265 2550 484 2624 Mumiotum
509 2544 623 2623 obviis
649 2541 764 2620 fectae
791 2551 974 2620 Biittnerua
999 2573 1032 2625 et

119 2679 265 2772 Caylust
301 2673 351 2756 hte
376 2675 470 2748 enim
494 2691 651 2766 magnam
669 2691 823 2768 partem,
859 2691 897 2740 ut
916 2671 1033 2748 videte

123 2817 175 2868 eat
193 2818 234 2866 ex
243 2789 421 2891 alphabeto
429 2797 631 2892 AEgyptiaco
644 2796 802 2867 Biittneri
821 2800 855 2882 ¹)
874 2819 951 2868 cum
963 2797 1033 2868 lite·

3 2987 4 2991 ,
122 2920 172 2996 tis
191 2917 384 2992 Phoeniciis
406 2919 629 2996 conveniunt.
687 2917 787 2992 idem
813 2919 904 2993 valet
923 2919 967 2992 de
987 2919 1032 2996 tl·

58 3125 63 3161 ,¹
124 3129 394 3156 m

143 3275 177 3350 ¹)
199 3269 416 3349 vetgleichungt
434 3270 529 3336 thein
548 3269 596 3327 det
610 3270 784 3333 Schriftatten
805 3273 859 3332 &a
882 3271 1033 3345 Gottingttt

206 3383 292 3442 ¹77¹·
333 3362 402 3424 Tab,
429 3365 470 3424 11.
490 3399 492 3406 ·
510 3363 603 3420 Litetaa
628 3365 822 3435 inscriptionis
845 3371 1036 3435 carpenteras-

201 3461 286 3518 tetttit
321 3475 408 3532 prope
433 3458 465 3514 etl
499 3453 666 3526 tlplttbetum
698 3457 866 3516 Phoenicium
884 3453 1034 3528 accedunt.

184 3550 424 3697 „Vith6biimoitts
440 3548 475 3608 da
498 3547 604 3610 l’natu.
624 3549 671 3606 dtt
695 3547 819 3624 inscript,
860 3551 939 3606 ¹rotat.
962 3543 1033 3603 Lilia

114 3664 117 3670 ’
201 3651 266 3712 Μ
291 3651 318 3708 5·
