2468 4344
286 244 347 322 10

211 443 650 550 espositaeestcieruntur,
677 471 776 552 atque
787 473 895 550 nuper
906 453 1127 524 mortuusPa·

208 585 294 648 ‘stur
312 571 603 648 Skinnastudensis
625 573 857 646 Thotsteinus
875 576 1028 646 nominc.

207 719 211 726 ’
304 728 482 820 'Quoedam
513 728 555 800 td
584 733 696 801 Runas
727 733 932 828 pertinentia
957 733 1129 825 congessit

221 853 465 928 celeberrimus
484 854 723 950 antiquitatum
740 853 983 926 lslandicarum
1008 855 1129 926 collec-

220 999 276 1053 tos
301 983 342 1056 Α.
363 979 556 1069 Magnas,
595 977 630 1050 in
650 975 747 1074 cujus
765 979 900 1052 scriniis
917 974 1071 1076 quedam
1085 978 1129 1049 la·

144 1119 147 1130 ’
220 1119 305 1185 tent,
332 1125 405 1198 quae
422 1103 596 1171 Runarum
613 1101 765 1172 studioso
781 1123 935 1200 pergrata
951 1123 1063 1176 erunt.

318 1251 417 1326 Libri
434 1256 658 1350 manuscripti
675 1253 742 1324 huc
761 1277 952 1349 spectantes
969 1280 1069 1330 sunt:

244 1419 280 1501 a)
296 1413 429 1484 Formae
446 1426 522 1498 4tae.

204 1505 211 1518 ⁴
347 1537 418 1606 Nu.
436 1555 520 1622 423.
562 1527 681 1603 codex
699 1552 907 1628 papyraceus
924 1530 1067 1614 lacerus,
1090 1533 1130 1608 in

205 1673 224 1738 ἢ
268 1675 272 1681 ·
318 1677 388 1754 qno
403 1657 517 1729 statim
534 1649 577 1723 ab
593 1652 694 1724 initio
710 1651 878 1725 habentur
892 1650 1009 1748 figure
1024 1667 1057 1728 et
1067 1681 1129 1731 nn·

257 1797 259 1808 ·
314 1783 409 1851 mina
430 1778 608 1848 literarum¹
626 1777 835 1848 Runicarum
852 1776 1024 1875 rhythmis
1040 1776 1130 1877 (pti-

315 1903 428 1978 dcilus
463 1899 582 1990 dictis)
612 1897 794 1997 explicara3
849 1899 974 1974 desunt
1011 1921 1130 1975 tamen

314 2030 560 2118 imag-n
865 2097 867 2108 ,

237 2189 239 2202 ·
345 2151 509 2236 No.687.
543 2147 585 2218 D.
598 2136 1036 2226 duofolismembranacea,
1055 2166 1127 2220 sec.

222 2335 225 2342 .
257 2259 259 2266 ’
314 2261 353 2341 ut
372 2267 528 2348 videtur,
566 2269 667 2339 XVtu
682 2287 831 2351 exarata,
858 2269 896 2344 in
921 2267 1046 2374 qvibut
1070 2268 1129 2346 ba·

119 2403 122 2412 '
201 2467 205 2477 ,
313 2390 413 2466 betur
441 2387 658 2490 alphabetum
685 2394 877 2470 Runicum,
928 2391 1045 2488 prisco
1066 2413 1127 2462 ot·

312 2514 395 2588 dine
412 2533 445 2586 et
461 2535 621 2594 numero,
653 2509 777 2582 additis
793 2510 969 2608 rhythmis
981 2511 1127 2587 trideili·
1206 2507 1207 2510 ’

186 2707 189 2719 s
313 2639 380 2712 cisr
426 2638 592 2706 Pr'aeterea
610 2633 702 2704 varia
719 2655 845 2726 genera
862 2637 1036 2711 Rumtum
1053 2659 1127 2714 ma·

311 2747 557 2855 gicsctt'mhcic
575 2753 741 2829 delineata
757 2753 929 2833 inveniet.¹
1206 2735 1207 2806 i

343 2880 417 2954 Nn
432 2887 478 2967 7⁶
484 2902 516 2966 3.
573 2880 755 2952 Tractatus
771 2884 894 2954 incesti
910 2885 1055 2956 auctoris
1075 2885 1128 2956 Is·

196 3053 217 3084 f.
312 3000 446 3076 landicc
463 3021 495 3070 et
514 3002 671 3083 sacries,
707 3006 742 3076 in
757 3028 827 3102 quo
839 3007 938 3078 -vsria
950 3005 994 3080 de
1012 3008 1127 3078 Runa·

199 3168 201 3176 ·
276 3161 280 3172 2
308 3147 388 3195 rum
402 3120 630 3196 divisionibus
648 3143 766 3200 notatu
787 3129 889 3226 digna
899 3131 1077 3222 teguntur.

235 3272 271 3358 b)
288 3271 420 3340 Fotmae
435 3270 597 3341 minoris:

339 3393 409 3462 No.
425 3403 504 3462 166.
520 3391 552 3465 b.
604 3394 718 3467 Habet
733 3397 772 3466 ad
793 3391 896 3470 finem
913 3396 1126 3493 rhythmum

268 3583 271 3592 ,
306 3513 535 3620 tridcilicum,
580 3514 834 3614 inquoomnia
854 3521 1031 3594 literatum
1048 3523 1126 3596 ttu-

307 3639 462 3722 uitttum
477 3638 616 3717 numina
631 3641 856 3724 illustrantur.
