2472 4330
327 229 414 310 128

259 438 386 540 partim
403 435 439 510 io
454 433 666 534 laquearibus
680 381 847 538 domuum
866 443 911 519 ¹),
922 387 1057 533 'partim
1072 435 1165 554 etiam

214 667 217 674 .
256 565 298 640 vitt
312 562 416 641 arrae
436 563 664 647 ²)Rnnerum
684 579 750 659 ope
773 560 1063 654 consignaverint.

661 774 691 876 l·
716 805 776 874 at·

272 963 276 973 1
364 930 453 1002 cam
473 926 508 998 in
525 926 762 1022 septentrione
782 946 919 1025 recepta
944 942 1033 1000 esset
1054 902 1189 1016 religio'

262 1027 470 1129 Christiane,
511 1051 685 1122 Runarnm
717 1074 798 1122 usus
826 1051 977 1144 magicus
1002 1069 1064 1124 cen
1084 1041 1175 1116 nefa·

258 1179 333 1251 rius
354 1175 528 1272 paullatim
543 1169 733 1258 obsolevit,
757 1195 790 1248 et
808 1175 873 1254 hoc
888 1193 1041 1270 spectare
1057 1166 1176 1240 viden·

257 1315 318 1369 tur
336 1267 494 1367 veterum
512 1297 708 1370 testimonia
733 1297 776 1368 tle
800 1294 987 1368 interdicto
1007 1293 1097 1391 apud
1113 1314 1176 1364 nos

254 1421 436 1492 unaarum
461 1441 544 1500 usu,
582 1442 660 1491 nant
695 1431 772 1518 post
795 1419 865 1490 hac
890 1439 1044 1512 tempore
1061 1416 1179 1501 lRunae

261 1545 319 1616 vel
332 1545 476 1626 maxime
488 1537 612 1614 florere
622 1559 791 1635 caeperunt
810 1541 853 1620 ³).
880 1535 1097 1612 Crediderim
1113 1536 1179 1606 sci·

266 1667 364 1742 licet,
397 1666 585 1761 plurimos,
621 1662 679 1756 qui
707 1655 797 1756 opud
820 1679 883 1758 noe
910 1677 944 1729 et
964 1659 1093 1728 Suetus
1121 1679 1195 1728 osv

184 1787 187 1794 '
261 1805 420 1862 currunt,
461 1782 581 1880 cippos
603 1783 753 1853 Runieos
775 1777 817 1852 ed
841 1799 998 1879 temporo
1017 1778 1176 1854 Christia-

258 1905 366 1978 nismi
392 1925 467 1973 esse
494 1896 710 1982 referendos,
737 1923 770 1973 et
797 1904 827 1976 si
852 1903 908 1976 vel
935 1923 1006 1976 non
1030 1924 1175 1994 negem,

261 2028 408 2099 existere
432 2026 549 2123 plures
577 2028 695 2126 cippos
710 2021 763 2094 nb
796 2025 943 2097 ethnicis
966 2026 1178 2122 insculptos,

261 2153 387 2226 horum
407 2171 539 2229 tamen,
562 2150 678 2246 paucis
696 2149 862 2246 exceptis,
883 2168 960 2222 otas
976 2149 1129 2220 seculum
1149 2152 1178 2221 X

261 2276 322 2346 vix
338 2291 493 2368 superat,
521 2269 619 2362 enjus
639 2272 676 2342 in
702 2294 795 2342 cane
814 2271 975 2368 inprimis
998 2271 1180 2368 querenda¹

261 2415 444 2473 estcansa,
474 2391 569 2490 quod
598 2394 721 2492 priscis
737 2391 969 2491 temporibus,
1012 2419 1081 2468 noo
1105 2381 1181 2465 vul'-

261 2543 343 2613 gare
368 2538 456 2590 essct
486 2514 576 2616 apud
613 2541 675 2590 nos
702 2519 943 2614 inscriptiones
975 2518 1181 2614 sepulcrales

263 2646 486 2722 concinnare,
519 2662 596 2713 narn
623 2641 653 2714 si
677 2640 759 2713 tales
783 2633 986 2738 frequentes
1012 2636 1181 2723 luissent,

261 2877 531 2899 Μ

249 3049 254 3060 ·
285 3014 317 3082 ²)
336 3017 454 3074 Laudela
479 3033 544 3075 nass.
573 3032 631 3085 erp.
656 3029 701 3076 ee.
730 3015 929 3080 nbi'rtatrttur
949 3018 1046 3082 Oleum
1068 3018 1188 3078 Paoneau

344 3106 604 3161 Hisadsalsnltenssm
622 3109 748 3163 cennsali
767 3108 913 3179 parietibus
935 3124 962 3164 et
982 3107 1101 3179 laqueari
1118 3125 1189 3178 prate·

248 3211 253 3220 ·
343 3206 440 3250 stantes
459 3193 584 3250 historiss
602 3196 791 3271 insculpendas
814 3200 962 3256 corruisse.
1037 3249 1046 3264 .

285 3285 319 3360 ⁸)
337 3292 371 3345 V.
389 3287 488 3340 Bartol.
506 3285 609 3358 antiqu.
628 3295 699 3351 Drn.
719 3304 788 3362 pag.¹
804 3305 865 3358 ¹⁴9·
890 3301 952 3352 tet.
1002 3281 1062 3340 cst.
1082 3289 1186 3344 Saulus

346 3394 383 3447 og
400 3375 534 3432 Nicrnors
550 3381 617 3449 Saga
638 3398 703 3440 msc.
727 3398 786 3450 cop.
808 3393 854 3437 so.
879 3380 952 3432 Idem
963 3381 1029 3432 ‚ratos
1045 3378 1121 3449 sputi
1134 3387 1187 3443 ,Lu

251 3499 259 3510 ·
345 3468 417 3523 tinos
436 3468 544 3522 Grecos
562 3485 589 3523 et
604 3470 714 3541 scythes
735 3468 859 3524 invaluit.
895 3469 973 3529 Toat.
991 3471 1049 3527 Ser.
1070 3487 1098 3540 p.
1118 3487 1169 3536 51.

302 3557 337 3632 ⁸)
356 3557 414 3614 cir.
425 3563 554 3614 Baarcman
570 3559 597 3614 in
611 3562 735 3616 additam.
757 3562 789 3616 ad
806 3567 919 3632 lagoses
935 3563 1003 3634 naga
1018 3579 1080 3636 urg.
1091 3575 1131 3630 50
1146 3579 1186 3636 aq.

347 3649 407 3704 ihre
427 3649 460 3704 de
478 3652 617 3706 Runarutn
637 3659 737 3708 noostts
751 3667 862 3730 ,pesth
884 3671 913 3715 t.
