2468 4344
302 239 335 314 2

234 445 361 520 ¹doctos
376 443 554 529 dirimere,
579 444 638 518 sed
654 465 785 520 tantum
801 468 842 519 eo
853 444 1007 528 consilio,
1025 463 1064 517 ut
1077 466 1152 520 rem

241 571 329 642 hanc
348 595 367 642 a
383 569 515 649 doctis,
555 592 618 639 nec
643 593 720 640 cum
735 569 827 664 justa
848 571 950 650 crisi,
987 591 1050 642 nec
1073 590 1153 654 eum

147 768 149 780 1
241 692 343 786 digna
366 692 588 764 estimatione
610 709 800 773 tractatam,
842 693 1008 766 severiori
1035 713 1152 762 centu·

240 839 285 887 re
314 812 543 906 subjicerem,
567 806 645 892 et,
695 814 903 909 siquomodo
926 810 1001 886 fieri
1024 834 1150 914 posset,

241 935 477 1014 ostenderem,
516 934 749 1026 cognitionem
773 938 948 1008 Rumrum
968 960 1048 1008 cum
1071 961 1152 1031 cog·

190 1098 193 1102 ·
239 1062 371 1132 uitione
386 1058 563 1130 literarum
579 1057 615 1128 in
630 1057 831 1130 universum
846 1060 891 1130 ita
907 1060 1089 1142 cohaerere,
1114 1078 1154 1130 ut

240 1202 399 1278 tanqurm
421 1179 623 1268 gravissima
654 1202 731 1274 pars
759 1183 1050 1278 grammatologiae
1078 1183 1154 1254 sive

239 1299 491 1402 pulaeugrtplrie
515 1289 550 1384 e't,
575 1293 739 1396 Europen
765 1321 799 1374 et
821 1306 977 1377 Asiatica
1005 1307 1153 1400 spectari

240 1425 373 1500 debeat.

325 1551 375 1623 ui
391 1546 456 1622 hoc
471 1525 606 1618 rectum
620 1565 684 1630 est,
710 1539 812 1622 facile
827 1547 1050 1646 conspicitur,
1076 1567 1156 1644 que

238 1675 282 1752 sit
304 1674 482 1770 merentis
503 1673 713 1746 tractationis
734 1671 883 1752 utilitas,
920 1667 1067 1744 dumio
1090 1669 1156 1742 hac

239 1797 379 1883 materis
396 1792 592 1878 illustranda
614 1797 661 1869 its
677 1789 912 1876 versabimur,
946 1815 1077 1868 utnon
1101 1819 1156 1868 so·

240 1907 311 1990 lum
327 1913 565 1990 difficillimam
587 1913 682 2000 forte
699 1919 736 1990 in
751 1913 1010 2012 antiquitatibus
1028 1921 1157 1992 nostris

238 2037 560 2139 septentrionalibus
578 2041 802 2136 questionem
819 2036 862 2107 de
885 2040 1022 2132 origine
1040 2043 1154 2114 Runa·

237 2187 315 2233 rum
330 2162 521 2258 explicare,
556 2161 734 2232 sedetiam
751 2159 1005 2257 palaeographiae
1026 2164 1157 2237 Grtecae

239 2303 271 2352 et
289 2282 435 2361 Latinae,
472 2283 641 2354 Semitieae
657 2301 691 2352 et
709 2276 855 2361 Indice,
889 2302 1056 2378 quatenus
1073 2305 1159 2360 curn

239 2407 347 2479 Runis
365 2403 529 2483 saltaret,
555 2425 679 2476 novem
697 2404 795 2484 hine,
832 2401 984 2474 simodo
1002 2396 1077 2476 fieri
1093 2429 1157 2504 pn.

239 2547 324 2608 test,
364 2527 475 2600 lucem
493 2521 690 2606 effundere,
728 2545 763 2596 et
786 2529 832 2597 ita
853 2549 929 2598 enm
945 2528 1158 2622 cognitionis

217 2631 393 2748 fluumanae
409 2672 562 2747 partem,
600 2670 674 2743 quse
695 2649 732 2721 in
745 2651 947 2722 universum
969 2652 1058 2724 circa
1077 2652 1158 2726 lite·

64 2815 70 2828 -
154 2775 170 2814 ·‘
208 2776 353 2842 starum
374 2773 611 2842 inventionem
629 2789 802 2852 versatur,
828 2797 893 2871 pro
908 2774 1003 2844 virili
1017 2777 1157 2850 enucle-

238 2915 317 2973 ure,
341 2911 443 2990 utque
458 2891 500 2962 ad
516 2894 681 2966 unitatem
695 2890 860 2968 reducere
873 2891 1118 2974 allaboremus.

645 3111 678 3194 §.
704 3129 737 3181 a.

339 3252 455 3354 Hujus
474 3271 587 3328 autem
608 3255 846 3357 disputationis
860 3279 960 3334 tenor
980 3261 1046 3334 erit
1062 3261 1157 3348 talis,

240 3398 277 3448 ur
295 3382 409 3478 primo
425 3382 591 3476 analytice
612 3382 871 3482 progredientes
887 3385 999 3458 literas
1019 3405 1156 3458 nostras

241 3506 389 3606 Runicas
407 3526 486 3572 cum
507 3507 661 3595 cogn-stis
677 3508 765 3578 Asiae
786 3527 819 3576 et
836 3510 979 3607 Europae
995 3506 1157 3607 alphabe-

241 3627 284 3695 tis
310 3649 567 3726 comparemur,
605 3647 638 3700 et
666 3627 792 3702 deinde
816 3628 1010 3727 synthetice
1034 3654 1157 3708 esrum
