2472 4330
846 243 934 318 III

135 451 306 574 gortim
325 442 383 520 Ιιὸἱ
401 445 498 516 issum
513 443 629 522 borno.

104 545 231 682 goitim
257 599 309 654 est
328 583 440 678 prima
461 602 608 680 persona
623 578 713 678 plur.
730 571 869 691 imperf.
890 603 999 654 aver·

154 705 205 778 bo
228 703 264 774 ri
287 705 401 800 gib'ra‘,
443 703 536 802 quod
554 702 596 774 de
611 701 726 774 omnis
740 704 879 796 generis
896 691 1000 800 opere

155 822 355 916 adhibetur3
393 827 470 900 heic
493 820 662 922 significat
683 843 827 900 struere.
891 827 1000 900 Nunc

157 946 382 1033 scriberetur,
405 951 548 1048 g‘o'rdum
562 951 638 1020 sive
652 951 819 1046 gib'rdum,
850 947 909 1021 sed
928 950 950 1022 d
965 970 1000 1022 et

156 1087 174 1141 t
195 1069 285 1170 apud
305 1072 456 1146 Runicoc
477 1071 597 1144 cadem
615 1071 714 1144 litera
729 1092 929 1167 expressum
948 1071 1001 1143 iu·¹

156 1195 226 1264 isse
247 1192 410 1266 omnibus
426 1214 549 1266 notum
565 1212 627 1266 esc.
695 1189 880 1288 Objcctum
898 1194 999 1268 huius

156 1313 344 1392 verbiestt

104 1443 161 1518 ἢὸ)
172 1451 379 1545 accunrinp.
397 1453 494 1524 vocis
507 1447 587 1533 hill,
603 1451 709 1538 collis,
725 1450 891 1531 tumulus,
904 1448 999 1522 idem
1051 1475 1053 1482 ·

154 1565 229 1644 fere
246 1595 284 1644 ac
299 1572 425 1669 hnugr,
452 1576 607 1648 tumulus
625 1574 835 1673 sepulcralis.

104 1700 203 1772 risum
220 1727 286 1800 pro
301 1711 430 1800 prrsum
450 1708 556 1788 dariv.
575 1711 667 1810 plur.
686 1734 785 1808 pron.
806 1707 998 1782 demonstr.

156 1826 260 1922 passi,
289 1822 359 1894 hic.
478 1825 481 1829 ’

208 2020 265 2088 De
296 1947 574 2110 charactereo
608 1959 779 2110 paulisper
803 2011 999 2086 dubitamus

156 2156 275 2210 nerum
294 2160 310 2206 s
335 2133 524 2231 significet,
575 2134 749 2210 credimus
767 2159 882 2208 tamen
901 2139 1000 2208 iilum

155 2326 364 2428 respondere
379 2327 437 2420 alii
453 2323 571 2420 figure
585 2329 724 2400 Runicae
755 2250 795 2413 ἒ
830 2332 866 2402 in
886 2327 999 2426 lapide

155 2451 391 2548 Leeragrienei
418 2451 540 2550 sarpius
562 2453 778 2531 occurrenti,
826 2474 901 2545 quar
919 2477 935 2521 s
954 2454 1000 2521 si·

155 2577 345 2648 nistrosum
365 2596 508 2647 versum
528 2579 722 2671 exprimere
738 2570 889 2646 videtur.
953 2575 997 2643 In

156 2716 272 2768 nostro
302 2717 418 2768 aurem
444 2698 672 2797 inscriptione
707 2690 857 2768 formam
889 2695 1000 2786 magis

160 2884 356 2981 quadratam
365 2882 478 2990 habet,
504 2887 608 2985 quam
623 2886 665 2962 ab
680 2889 782 2962 initio
800 2891 846 2960 ira
860 2808 894 2986 (
906 2811 1000 2986 a)

158 3005 235 3084 fere
255 3008 461 3106 insculptam
486 3005 595 3083 inisse
609 3016 788 3109 putamus,
828 3010 889 3082 sed
905 3012 1001 3084 iucu-

158 3135 210 3206 ria
226 3132 402 3232 scalpturis
421 3135 546 3204 omissa
566 3155 618 3206 cst
638 3134 762 3208 lineola
779 3129 999 3214 intermedio,

159 3273 217 3328 aut
238 3257 269 3330 si
290 3249 383 3330 forte
403 3253 444 3327 ab
468 3256 568 3326 inicio
585 3255 708 3329 leviter
724 3278 836 3330 notata
850 3279 941 3336 erar,
978 3277 999 3322 a
1096 3309 1102 3320 .

100 3418 102 3423 .
160 3376 347 3453 senioribus
366 3375 632 3451 delineatoribus
651 3401 720 3450 non
737 3377 993 3453 observabatur,

159 3496 252 3570 unde
271 3521 387 3602 postca
404 3505 441 3574 in
458 3499 544 3573 duos
566 3523 673 3574 uncos
691 3500 823 3574 divolsa
843 3498 997 3566 cernitur

160 3621 270 3698 litera.
336 3629 428 3702 Aliae
451 3629 553 3702 etiam
572 3625 762 3722 comparari
779 3640 894 3720 posset
917 3637 995 3687 rum
