<?xml version="1.0" encoding="UTF-8"?>
<!DOCTYPE html PUBLIC "-//W3C//DTD XHTML 1.0 Transitional//EN"
    "http://www.w3.org/TR/xhtml1/DTD/xhtml1-transitional.dtd">
<html xmlns="http://www.w3.org/1999/xhtml" xml:lang="en" lang="en">
 <head>
  <title>
</title>
<meta http-equiv="Content-Type" content="text/html;charset=utf-8" />
  <meta name='ocr-system' content='tesseract 3.04.00' />
  <meta name='ocr-capabilities' content='ocr_page ocr_carea ocr_par ocr_line ocrx_word'/>
</head>
<body>
  <div class='ocr_page' id='page_1' title='image "./periculumrunolo00reppgoog_0151.png"; bbox 0 0 2472 4330; ppageno 0'>
   <div class='ocr_carea' id='block_1_1' title="bbox 290 279 379 358">
    <p class='ocr_par' dir='ltr' id='par_1_1' title="bbox 290 279 379 358">
     <span class='ocr_line' id='line_1_1' title="bbox 290 279 379 358; baseline -0.011 0"><span class='ocrx_word' id='word_1_1' title='bbox 290 279 379 358; x_wconf 74' lang='lat'>138</span> 
     </span>
    </p>
   </div>
   <div class='ocr_carea' id='block_1_2' title="bbox 209 481 1213 2428">
    <p class='ocr_par' dir='ltr' id='par_1_2' title="bbox 209 481 1213 2428">
     <span class='ocr_line' id='line_1_2' title="bbox 258 481 1150 583; baseline 0.001 -27"><span class='ocrx_word' id='word_1_2' title='bbox 258 513 259 518; x_wconf 44' lang='lat'>¹</span> <span class='ocrx_word' id='word_1_3' title='bbox 321 485 374 557; x_wconf 86' lang='lat' dir='ltr'>De</span> <span class='ocrx_word' id='word_1_4' title='bbox 389 485 464 583; x_wconf 87' lang='lat' dir='ltr'>ipso</span> <span class='ocrx_word' id='word_1_5' title='bbox 474 485 647 556; x_wconf 85' lang='lat' dir='ltr'>Runarum</span> <span class='ocrx_word' id='word_1_6' title='bbox 666 481 753 582; x_wconf 89' lang='lat' dir='ltr'>apud</span> <span class='ocrx_word' id='word_1_7' title='bbox 771 505 832 554; x_wconf 88' lang='lat' dir='ltr'>nos</span> <span class='ocrx_word' id='word_1_8' title='bbox 852 501 990 555; x_wconf 86' lang='lat' dir='ltr'>auctore</span> <span class='ocrx_word' id='word_1_9' title='bbox 1004 485 1150 557; x_wconf 88' lang='lat' dir='ltr'>Othino</span> 
     </span>
     <span class='ocr_line' id='line_1_3' title="bbox 220 608 1148 705; baseline -0.008 -20"><span class='ocrx_word' id='word_1_10' title='bbox 220 631 398 692; x_wconf 84' lang='lat' dir='ltr'>narratur,</span> <span class='ocrx_word' id='word_1_11' title='bbox 449 608 597 705; x_wconf 87' lang='lat' dir='ltr'>plurima</span> <span class='ocrx_word' id='word_1_12' title='bbox 624 631 700 704; x_wconf 81' lang='lat' dir='ltr'>quae</span> <span class='ocrx_word' id='word_1_13' title='bbox 725 608 833 680; x_wconf 86' lang='lat' dir='ltr'>edidit</span> <span class='ocrx_word' id='word_1_14' title='bbox 854 609 1148 680; x_wconf 80' lang='lat' dir='ltr'>miraculalittna-</span> 
     </span>
     <span class='ocr_line' id='line_1_4' title="bbox 220 727 1144 833; baseline -0.006 -25"><span class='ocrx_word' id='word_1_15' title='bbox 220 757 298 808; x_wconf 85' lang='lat' dir='ltr'>rum</span> <span class='ocrx_word' id='word_1_16' title='bbox 316 757 381 833; x_wconf 87' lang='lat' dir='ltr'>ope</span> <span class='ocrx_word' id='word_1_17' title='bbox 395 727 514 804; x_wconf 82' lang='lat' dir='ltr'>effecta</span> <span class='ocrx_word' id='word_1_18' title='bbox 530 752 604 804; x_wconf 82' lang='lat' dir='ltr'>esse</span> <span class='ocrx_word' id='word_1_19' title='bbox 623 737 668 820; x_wconf 82' lang='lat'>¹).</span> <span class='ocrx_word' id='word_1_20' title='bbox 722 735 806 804; x_wconf 75' lang='lat' dir='ltr'>Haec</span> <span class='ocrx_word' id='word_1_21' title='bbox 826 731 933 826; x_wconf 79' lang='lat' dir='ltr'>megia</span> <span class='ocrx_word' id='word_1_22' title='bbox 954 733 1084 803; x_wconf 75' lang='lat' dir='ltr'>liberata</span> <span class='ocrx_word' id='word_1_23' title='bbox 1103 741 1144 817; x_wconf 84' lang='lat'>²)</span> 
     </span>
     <span class='ocr_line' id='line_1_5' title="bbox 220 856 1144 954; baseline -0.002 -26"><span class='ocrx_word' id='word_1_24' title='bbox 220 860 334 929; x_wconf 80' lang='lat' dir='ltr'>atatim</span> <span class='ocrx_word' id='word_1_25' title='bbox 359 877 437 954; x_wconf 88' lang='lat' dir='ltr'>post</span> <span class='ocrx_word' id='word_1_26' title='bbox 457 856 614 926; x_wconf 86' lang='lat' dir='ltr'>inventas</span> <span class='ocrx_word' id='word_1_27' title='bbox 634 857 746 926; x_wconf 82' lang='lat' dir='ltr'>Runas</span> <span class='ocrx_word' id='word_1_28' title='bbox 766 857 919 926; x_wconf 83' lang='lat' dir='ltr'>exerceri</span> <span class='ocrx_word' id='word_1_29' title='bbox 936 857 1052 953; x_wconf 77' lang='lat' dir='ltr'>capit,</span> <span class='ocrx_word' id='word_1_30' title='bbox 1093 857 1144 926; x_wconf 87' lang='lat' dir='ltr'>ita</span> 
     </span>
     <span class='ocr_line' id='line_1_6' title="bbox 218 975 1145 1073; baseline -0.001 -24"><span class='ocrx_word' id='word_1_31' title='bbox 218 1001 257 1049; x_wconf 84' lang='lat' dir='ltr'>ut</span> <span class='ocrx_word' id='word_1_32' title='bbox 281 975 350 1073; x_wconf 82' lang='lat' dir='ltr'>jam</span> <span class='ocrx_word' id='word_1_33' title='bbox 375 975 415 1050; x_wconf 87' lang='lat' dir='ltr'>ab</span> <span class='ocrx_word' id='word_1_34' title='bbox 438 978 538 1050; x_wconf 87' lang='lat' dir='ltr'>initio</span> <span class='ocrx_word' id='word_1_35' title='bbox 563 977 738 1049; x_wconf 85' lang='lat' dir='ltr'>Runarum</span> <span class='ocrx_word' id='word_1_36' title='bbox 767 999 845 1048; x_wconf 84' lang='lat' dir='ltr'>usus</span> <span class='ocrx_word' id='word_1_37' title='bbox 866 981 903 1049; x_wconf 91' lang='lat' dir='ltr'>in</span> <span class='ocrx_word' id='word_1_38' title='bbox 921 977 988 1048; x_wconf 89' lang='lat' dir='ltr'>duo</span> <span class='ocrx_word' id='word_1_39' title='bbox 1012 993 1145 1073; x_wconf 77' lang='lat' dir='ltr'>genera</span> 
     </span>
     <span class='ocr_line' id='line_1_7' title="bbox 218 1085 1213 1200; baseline 0 -28"><span class='ocrx_word' id='word_1_40' title='bbox 218 1085 359 1185; x_wconf 81' lang='lat' dir='ltr'>abierit,</span> <span class='ocrx_word' id='word_1_41' title='bbox 398 1124 545 1199; x_wconf 89' lang='lat' dir='ltr'>quotum</span> <span class='ocrx_word' id='word_1_42' title='bbox 564 1125 669 1175; x_wconf 88' lang='lat' dir='ltr'>unum</span> <span class='ocrx_word' id='word_1_43' title='bbox 687 1121 757 1174; x_wconf 88' lang='lat' dir='ltr'>erat</span> <span class='ocrx_word' id='word_1_44' title='bbox 772 1104 940 1195; x_wconf 83' lang='lat' dir='ltr'>magiettm</span> <span class='ocrx_word' id='word_1_45' title='bbox 960 1123 995 1174; x_wconf 89' lang='lat' dir='ltr'>et</span> <span class='ocrx_word' id='word_1_46' title='bbox 1019 1096 1142 1200; x_wconf 79' lang='lat' dir='ltr'>mysti·</span> <span class='ocrx_word' id='word_1_47' title='bbox 1212 1161 1213 1172; x_wconf 70' lang='grc'>,</span> 
     </span>
     <span class='ocr_line' id='line_1_8' title="bbox 217 1225 1138 1324; baseline 0.002 -29"><span class='ocrx_word' id='word_1_48' title='bbox 217 1245 313 1306; x_wconf 87' lang='lat' dir='ltr'>cum,</span> <span class='ocrx_word' id='word_1_49' title='bbox 353 1225 496 1294; x_wconf 83' lang='lat' dir='ltr'>alterum</span> <span class='ocrx_word' id='word_1_50' title='bbox 520 1241 635 1297; x_wconf 86' lang='lat' dir='ltr'>autem</span> <span class='ocrx_word' id='word_1_51' title='bbox 658 1227 788 1298; x_wconf 86' lang='lat' dir='ltr'>literale</span> <span class='ocrx_word' id='word_1_52' title='bbox 811 1229 884 1296; x_wconf 86' lang='lat' dir='ltr'>sive</span> <span class='ocrx_word' id='word_1_53' title='bbox 902 1227 1138 1324; x_wconf 87' lang='lat' dir='ltr'>scriptorium.</span> 
     </span>
     <span class='ocr_line' id='line_1_9' title="bbox 215 1342 1142 1441; baseline -0.002 -21"><span class='ocrx_word' id='word_1_54' title='bbox 215 1349 373 1441; x_wconf 85' lang='lat' dir='ltr'>Magictts</span> <span class='ocrx_word' id='word_1_55' title='bbox 392 1349 572 1418; x_wconf 84' lang='lat' dir='ltr'>-Runatum</span> <span class='ocrx_word' id='word_1_56' title='bbox 598 1342 678 1419; x_wconf 84' lang='lat' dir='ltr'>usus</span> <span class='ocrx_word' id='word_1_57' title='bbox 701 1351 737 1419; x_wconf 89' lang='lat' dir='ltr'>in</span> <span class='ocrx_word' id='word_1_58' title='bbox 764 1370 804 1418; x_wconf 87' lang='lat' dir='ltr'>eo</span> <span class='ocrx_word' id='word_1_59' title='bbox 824 1351 1018 1422; x_wconf 82' lang='lat' dir='ltr'>constitisse</span> <span class='ocrx_word' id='word_1_60' title='bbox 1042 1348 1142 1420; x_wconf 88' lang='lat' dir='ltr'>vide·</span> 
     </span>
     <span class='ocr_line' id='line_1_10' title="bbox 215 1469 1139 1567; baseline 0.001 -27"><span class='ocrx_word' id='word_1_61' title='bbox 215 1487 290 1553; x_wconf 84' lang='lat' dir='ltr'>tur,</span> <span class='ocrx_word' id='word_1_62' title='bbox 330 1471 423 1567; x_wconf 87' lang='lat' dir='ltr'>quod</span> <span class='ocrx_word' id='word_1_63' title='bbox 438 1471 580 1564; x_wconf 71' lang='lat' dir='ltr'>singule</span> <span class='ocrx_word' id='word_1_64' title='bbox 605 1473 712 1544; x_wconf 77' lang='lat' dir='ltr'>litere</span> <span class='ocrx_word' id='word_1_65' title='bbox 728 1473 865 1542; x_wconf 85' lang='lat' dir='ltr'>Runieae</span> <span class='ocrx_word' id='word_1_66' title='bbox 882 1473 918 1543; x_wconf 89' lang='lat' dir='ltr'>in</span> <span class='ocrx_word' id='word_1_67' title='bbox 936 1469 1040 1542; x_wconf 86' lang='lat' dir='ltr'>rebus</span> <span class='ocrx_word' id='word_1_68' title='bbox 1062 1469 1139 1541; x_wconf 52' lang='lat' dir='ltr'>ani&amp;</span> 
     </span>
     <span class='ocr_line' id='line_1_11' title="bbox 214 1585 1138 1694; baseline 0.001 -32"><span class='ocrx_word' id='word_1_69' title='bbox 214 1597 316 1665; x_wconf 84' lang='lat' dir='ltr'>matis</span> <span class='ocrx_word' id='word_1_70' title='bbox 350 1615 405 1664; x_wconf 89' lang='lat' dir='ltr'>aut</span> <span class='ocrx_word' id='word_1_71' title='bbox 433 1597 627 1694; x_wconf 74' lang='lat' dir='ltr'>inanimatis</span> <span class='ocrx_word' id='word_1_72' title='bbox 651 1612 774 1661; x_wconf 73' lang='lat' dir='ltr'>notate</span> <span class='ocrx_word' id='word_1_73' title='bbox 805 1611 930 1691; x_wconf 84' lang='lat' dir='ltr'>certam</span> <span class='ocrx_word' id='word_1_74' title='bbox 968 1585 1138 1662; x_wconf 87' lang='lat' dir='ltr'>haberent</span> 
     </span>
     <span class='ocr_line' id='line_1_12' title="bbox 212 1709 1213 1807; baseline 0.001 -23"><span class='ocrx_word' id='word_1_75' title='bbox 212 1716 300 1787; x_wconf 82' lang='lat' dir='ltr'>vim.</span> <span class='ocrx_word' id='word_1_76' title='bbox 354 1719 432 1786; x_wconf 86' lang='lat' dir='ltr'>Hoc</span> <span class='ocrx_word' id='word_1_77' title='bbox 449 1714 554 1784; x_wconf 87' lang='lat' dir='ltr'>modo</span> <span class='ocrx_word' id='word_1_78' title='bbox 573 1709 650 1781; x_wconf 88' lang='lat' dir='ltr'>lieri-</span> <span class='ocrx_word' id='word_1_79' title='bbox 663 1730 800 1807; x_wconf 86' lang='lat' dir='ltr'>potest,</span> <span class='ocrx_word' id='word_1_80' title='bbox 824 1730 861 1779; x_wconf 89' lang='lat' dir='ltr'>ut</span> <span class='ocrx_word' id='word_1_81' title='bbox 877 1712 1047 1806; x_wconf 83' lang='lat' dir='ltr'>primatiae</span> <span class='ocrx_word' id='word_1_82' title='bbox 1062 1715 1137 1785; x_wconf 85' lang='lat' dir='ltr'>Ru·</span> <span class='ocrx_word' id='word_1_83' title='bbox 1212 1739 1213 1750; x_wconf 55' lang='lat'>¹</span> 
     </span>
     <span class='ocr_line' id='line_1_13' title="bbox 211 1833 1132 1930; baseline 0.001 -24"><span class='ocrx_word' id='word_1_84' title='bbox 211 1855 331 1906; x_wconf 82' lang='lat' dir='ltr'>narum</span> <span class='ocrx_word' id='word_1_85' title='bbox 354 1835 598 1930; x_wconf 79' lang='lat' dir='ltr'>appellationes</span> <span class='ocrx_word' id='word_1_86' title='bbox 621 1833 768 1902; x_wconf 80' lang='lat' dir='ltr'>literales</span> <span class='ocrx_word' id='word_1_87' title='bbox 787 1833 974 1906; x_wconf 72' lang='lat' dir='ltr'>immutatae</span> <span class='ocrx_word' id='word_1_88' title='bbox 991 1838 1061 1909; x_wconf 88' lang='lat' dir='ltr'>sint</span> <span class='ocrx_word' id='word_1_89' title='bbox 1080 1837 1132 1927; x_wconf 87' lang='lat'>³);</span> 
     </span>
     <span class='ocr_line' id='line_1_14' title="bbox 210 1949 1131 2056; baseline 0.007 -29"><span class='ocrx_word' id='word_1_90' title='bbox 210 1957 264 2027; x_wconf 86' lang='lat' dir='ltr'>Sic</span> <span class='ocrx_word' id='word_1_91' title='bbox 282 1957 307 2052; x_wconf 77' lang='lat' dir='ltr'>l³</span> <span class='ocrx_word' id='word_1_92' title='bbox 326 1959 458 2054; x_wconf 66' lang='lat' dir='ltr'>(born),</span> <span class='ocrx_word' id='word_1_93' title='bbox 483 1975 562 2024; x_wconf 85' lang='lat' dir='ltr'>eunt</span> <span class='ocrx_word' id='word_1_94' title='bbox 580 1949 621 2024; x_wconf 84' lang='lat' dir='ltr'>ad</span> <span class='ocrx_word' id='word_1_95' title='bbox 633 1956 798 2052; x_wconf 84' lang='lat' dir='ltr'>mysticos</span> <span class='ocrx_word' id='word_1_96' title='bbox 808 1957 1131 2056; x_wconf 81' lang='lat' dir='ltr'>ususadhiberetut.</span> 
     </span>
     <span class='ocr_line' id='line_1_15' title="bbox 210 2074 1129 2180; baseline 0.004 -30"><span class='ocrx_word' id='word_1_97' title='bbox 210 2102 275 2178; x_wconf 90' lang='lat' dir='ltr'>pro</span> <span class='ocrx_word' id='word_1_98' title='bbox 295 2079 342 2158; x_wconf 89' lang='lat' dir='ltr'>vi,</span> <span class='ocrx_word' id='word_1_99' title='bbox 365 2101 438 2174; x_wconf 81' lang='lat' dir='ltr'>quae</span> <span class='ocrx_word' id='word_1_100' title='bbox 455 2077 505 2150; x_wconf 91' lang='lat' dir='ltr'>illi</span> <span class='ocrx_word' id='word_1_101' title='bbox 520 2074 746 2158; x_wconf 72' lang='lat' dir='ltr'>tribuebatur,</span> <span class='ocrx_word' id='word_1_102' title='bbox 766 2079 973 2177; x_wconf 85' lang='lat' dir='ltr'>appellatum</span> <span class='ocrx_word' id='word_1_103' title='bbox 989 2080 1129 2180; x_wconf 71' lang='lat' dir='ltr'>eatpdr,</span> 
     </span>
     <span class='ocr_line' id='line_1_16' title="bbox 211 2199 1130 2280; baseline 0.007 -8"><span class='ocrx_word' id='word_1_104' title='bbox 211 2205 244 2272; x_wconf 88' lang='grc'>0</span> <span class='ocrx_word' id='word_1_105' title='bbox 266 2199 373 2279; x_wconf 81' lang='lat' dir='ltr'>Odia,</span> <span class='ocrx_word' id='word_1_106' title='bbox 412 2200 585 2280; x_wconf 79' lang='lat' dir='ltr'>FFreir,</span> <span class='ocrx_word' id='word_1_107' title='bbox 623 2201 726 2280; x_wconf 76' lang='lat' dir='ltr'>etsie</span> <span class='ocrx_word' id='word_1_108' title='bbox 750 2199 959 2278; x_wconf 76' lang='lat' dir='ltr'>decertetis.</span> <span class='ocrx_word' id='word_1_109' title='bbox 1033 2205 1130 2280; x_wconf 88' lang='lat' dir='ltr'>Hine</span> 
     </span>
     <span class='ocr_line' id='line_1_17' title="bbox 209 2320 1129 2428; baseline 0.011 -35"><span class='ocrx_word' id='word_1_110' title='bbox 209 2323 314 2410; x_wconf 81' lang='lat' dir='ltr'>etiarn</span> <span class='ocrx_word' id='word_1_111' title='bbox 332 2320 425 2392; x_wconf 86' lang='lat' dir='ltr'>lorte</span> <span class='ocrx_word' id='word_1_112' title='bbox 442 2323 588 2420; x_wconf 83' lang='lat' dir='ltr'>petenda</span> <span class='ocrx_word' id='word_1_113' title='bbox 605 2344 654 2396; x_wconf 82' lang='lat' dir='ltr'>est</span> <span class='ocrx_word' id='word_1_114' title='bbox 672 2325 773 2418; x_wconf 84' lang='lat' dir='ltr'>otigo</span> <span class='ocrx_word' id='word_1_115' title='bbox 787 2327 968 2400; x_wconf 86' lang='lat' dir='ltr'>nominum</span> <span class='ocrx_word' id='word_1_116' title='bbox 984 2350 1129 2428; x_wconf 85' lang='lat' dir='ltr'>quarun-</span> 
     </span>
    </p>
   </div>
   <div class='ocr_carea' id='block_1_3' title="bbox 165 2689 1125 3143">
    <p class='ocr_par' dir='ltr' id='par_1_3' title="bbox 165 2653 1211 3143">
     <span class='ocr_line' id='line_1_18' title="bbox 286 2689 1125 2777; baseline 0.013 -25"><span class='ocrx_word' id='word_1_117' title='bbox 286 2709 378 2752; x_wconf 84' lang='lat' dir='ltr'>autem</span> <span class='ocrx_word' id='word_1_118' title='bbox 398 2689 547 2756; x_wconf 78' lang='lat' dir='ltr'>similitudo</span> <span class='ocrx_word' id='word_1_119' title='bbox 564 2700 668 2759; x_wconf 79' lang='lat' dir='ltr'>altioris</span> <span class='ocrx_word' id='word_1_120' title='bbox 684 2716 724 2759; x_wconf 87' lang='lat' dir='ltr'>est</span> <span class='ocrx_word' id='word_1_121' title='bbox 741 2699 893 2777; x_wconf 68' lang='lat' dir='ltr'>indaginis,</span> <span class='ocrx_word' id='word_1_122' title='bbox 916 2715 997 2776; x_wconf 66' lang='lat' dir='ltr'>autor</span> <span class='ocrx_word' id='word_1_123' title='bbox 1015 2715 1052 2761; x_wconf 78' lang='grc' dir='ltr'>ιιι</span> <span class='ocrx_word' id='word_1_124' title='bbox 1065 2702 1125 2763; x_wconf 76' lang='lat' dir='ltr'>beia</span> 
     </span>
     <span class='ocr_line' id='line_1_19' title="bbox 286 2790 522 2862; baseline 0.03 -18"><span class='ocrx_word' id='word_1_125' title='bbox 286 2790 413 2859; x_wconf 77' lang='lat' dir='ltr'>explicati</span> <span class='ocrx_word' id='word_1_126' title='bbox 434 2805 522 2862; x_wconf 73' lang='lat' dir='ltr'>queat.</span> 
     </span>
     <span class='ocr_line' id='line_1_20' title="bbox 229 2874 756 2957; baseline 0.009 -22"><span class='ocrx_word' id='word_1_127' title='bbox 229 2874 260 2947; x_wconf 83' lang='lat'>¹)</span> <span class='ocrx_word' id='word_1_128' title='bbox 282 2881 480 2954; x_wconf 74' lang='lat' dir='ltr'>Heitnslttinglt</span> <span class='ocrx_word' id='word_1_129' title='bbox 499 2886 579 2954; x_wconf 82' lang='lat' dir='ltr'>Yngl.</span> <span class='ocrx_word' id='word_1_130' title='bbox 597 2885 626 2942; x_wconf 87' lang='lat' dir='ltr'>S.</span> <span class='ocrx_word' id='word_1_131' title='bbox 647 2886 709 2957; x_wconf 74' lang='lat' dir='ltr'>lttp.</span> <span class='ocrx_word' id='word_1_132' title='bbox 725 2899 756 2956; x_wconf 79' lang='lat'>7.</span> 
     </span>
     <span class='ocr_line' id='line_1_21' title="bbox 226 2963 1122 3057; baseline 0.019 -35"><span class='ocrx_word' id='word_1_133' title='bbox 226 2963 259 3035; x_wconf 80' lang='lat'>¹)</span> <span class='ocrx_word' id='word_1_134' title='bbox 279 2965 336 3030; x_wconf 80' lang='lat' dir='ltr'>cir.</span> <span class='ocrx_word' id='word_1_135' title='bbox 355 2971 475 3046; x_wconf 75' lang='lat' dir='ltr'>sioborg</span> <span class='ocrx_word' id='word_1_136' title='bbox 493 2976 607 3032; x_wconf 84' lang='lat' dir='ltr'>Dissert.</span> <span class='ocrx_word' id='word_1_137' title='bbox 625 2975 757 3048; x_wconf 70' lang='lat' dir='ltr'>deMagt&#39;a</span> <span class='ocrx_word' id='word_1_138' title='bbox 771 2978 873 3036; x_wconf 73' lang='lat' dir='ltr'>literati</span> <span class='ocrx_word' id='word_1_139' title='bbox 888 2979 1122 3057; x_wconf 72' lang='lat' dir='ltr'>Scandiaavotoot·</span> 
     </span>
     <span class='ocr_line' id='line_1_22' title="bbox 165 3059 1122 3143; baseline 0.02 -35"><span class='ocrx_word' id='word_1_140' title='bbox 165 3073 172 3090; x_wconf 62' lang='grc' dir='ltr'><strong>ι</strong></span> <span class='ocrx_word' id='word_1_141' title='bbox 285 3059 371 3114; x_wconf 84' lang='lat' dir='ltr'>Usum</span> <span class='ocrx_word' id='word_1_142' title='bbox 392 3067 531 3117; x_wconf 82' lang='lat' dir='ltr'>Ruaarum</span> <span class='ocrx_word' id='word_1_143' title='bbox 557 3063 688 3132; x_wconf 76' lang='lat' dir='ltr'>magicum</span> <span class='ocrx_word' id='word_1_144' title='bbox 708 3072 779 3140; x_wconf 76' lang='lat' dir='ltr'>opud</span> <span class='ocrx_word' id='word_1_145' title='bbox 804 3073 928 3128; x_wconf 81' lang='lat' dir='ltr'>islandus</span> <span class='ocrx_word' id='word_1_146' title='bbox 952 3073 1046 3128; x_wconf 87' lang='lat' dir='ltr'>multis</span> <span class='ocrx_word' id='word_1_147' title='bbox 1066 3086 1122 3143; x_wconf 88' lang='lat' dir='ltr'>pet·</span> 
     </span>
    </p>
   </div>
   <div class='ocr_carea' id='block_1_4' title="bbox 240 3153 1210 3323">
    <p class='ocr_par' dir='ltr' id='par_1_4' title="bbox 240 3153 1210 3323">
     <span class='ocr_line' id='line_1_23' title="bbox 240 3153 1121 3232; baseline 0.019 -32"><span class='ocrx_word' id='word_1_148' title='bbox 240 3173 242 3177; x_wconf 35' lang='lat' dir='ltr'>v</span> <span class='ocrx_word' id='word_1_149' title='bbox 284 3161 393 3203; x_wconf 82' lang='lat' dir='ltr'>secutus</span> <span class='ocrx_word' id='word_1_150' title='bbox 423 3165 464 3204; x_wconf 85' lang='lat' dir='ltr'>est</span> <span class='ocrx_word' id='word_1_151' title='bbox 489 3153 550 3219; x_wconf 81' lang='lat' dir='ltr'>Jola.</span> <span class='ocrx_word' id='word_1_152' title='bbox 577 3153 654 3216; x_wconf 75' lang='lat' dir='ltr'>Oltv.</span> <span class='ocrx_word' id='word_1_153' title='bbox 673 3163 900 3218; x_wconf 81' lang='lat' dir='ltr'>Grunnavicensis</span> <span class='ocrx_word' id='word_1_154' title='bbox 919 3160 947 3216; x_wconf 86' lang='lat' dir='ltr'>in</span> <span class='ocrx_word' id='word_1_155' title='bbox 970 3161 1121 3232; x_wconf 73' lang='lat' dir='ltr'>Runologia</span> 
     </span>
     <span class='ocr_line' id='line_1_24' title="bbox 283 3240 1210 3323; baseline 0.014 -29"><span class='ocrx_word' id='word_1_156' title='bbox 283 3256 349 3296; x_wconf 81' lang='lat' dir='ltr'>mse.</span> <span class='ocrx_word' id='word_1_157' title='bbox 368 3240 495 3296; x_wconf 85' lang='lat' dir='ltr'>islandice</span> <span class='ocrx_word' id='word_1_158' title='bbox 515 3247 667 3320; x_wconf 82' lang='lat' dir='ltr'>conscripta</span> <span class='ocrx_word' id='word_1_159' title='bbox 688 3250 802 3322; x_wconf 83' lang='lat' dir='ltr'>(Latina</span> <span class='ocrx_word' id='word_1_160' title='bbox 819 3255 937 3323; x_wconf 81' lang='lat' dir='ltr'>eiusdem</span> <span class='ocrx_word' id='word_1_161' title='bbox 959 3251 1048 3321; x_wconf 86' lang='lat' dir='ltr'>operis</span> <span class='ocrx_word' id='word_1_162' title='bbox 1066 3266 1122 3305; x_wconf 83' lang='lat' dir='ltr'>vet·</span> <span class='ocrx_word' id='word_1_163' title='bbox 1209 3267 1210 3270; x_wconf 72' lang='grc'>’</span> 
     </span>
    </p>
   </div>
   <div class='ocr_carea' id='block_1_5' title="bbox 217 3331 1119 3781">
    <p class='ocr_par' dir='ltr' id='par_1_5' title="bbox 284 3331 1118 3404">
     <span class='ocr_line' id='line_1_25' title="bbox 284 3331 1118 3404; baseline 0.007 -15"><span class='ocrx_word' id='word_1_164' title='bbox 284 3335 322 3389; x_wconf 84' lang='grc' dir='ltr'>ιὶο</span> <span class='ocrx_word' id='word_1_165' title='bbox 347 3331 400 3387; x_wconf 86' lang='lat' dir='ltr'>sive</span> <span class='ocrx_word' id='word_1_166' title='bbox 425 3333 516 3404; x_wconf 85' lang='lat' dir='ltr'>potius</span> <span class='ocrx_word' id='word_1_167' title='bbox 536 3337 688 3395; x_wconf 81' lang='lat' dir='ltr'>elaboratio</span> <span class='ocrx_word' id='word_1_168' title='bbox 708 3361 763 3398; x_wconf 84' lang='lat' dir='ltr'>non</span> <span class='ocrx_word' id='word_1_169' title='bbox 789 3343 911 3399; x_wconf 77' lang='lat' dir='ltr'>absolata</span> <span class='ocrx_word' id='word_1_170' title='bbox 937 3333 990 3396; x_wconf 79' lang='lat' dir='ltr'>eat.</span> <span class='ocrx_word' id='word_1_171' title='bbox 1024 3333 1076 3394; x_wconf 80' lang='lat' dir='ltr'>cir.</span> <span class='ocrx_word' id='word_1_172' title='bbox 1095 3349 1118 3404; x_wconf 75' lang='lat'>§-</span> 
     </span>
    </p>

    <p class='ocr_par' dir='ltr' id='par_1_6' title="bbox 284 3425 1119 3503">
     <span class='ocr_line' id='line_1_26' title="bbox 284 3425 1119 3503; baseline 0.01 -25"><span class='ocrx_word' id='word_1_173' title='bbox 284 3425 340 3494; x_wconf 86' lang='lat' dir='ltr'>a)‚&#39;</span> <span class='ocrx_word' id='word_1_174' title='bbox 374 3441 432 3494; x_wconf 79' lang='lat' dir='ltr'>qua</span> <span class='ocrx_word' id='word_1_175' title='bbox 462 3443 585 3483; x_wconf 83' lang='lat' dir='ltr'>servatur</span> <span class='ocrx_word' id='word_1_176' title='bbox 612 3433 681 3485; x_wconf 84' lang='lat' dir='ltr'>inter</span> <span class='ocrx_word' id='word_1_177' title='bbox 709 3437 836 3503; x_wconf 79' lang='lat' dir='ltr'>Mser-ipra</span> <span class='ocrx_word' id='word_1_178' title='bbox 863 3428 990 3484; x_wconf 69' lang='lat' dir='ltr'>biblioth.</span> <span class='ocrx_word' id='word_1_179' title='bbox 1020 3431 1119 3502; x_wconf 74' lang='lat' dir='ltr'>Regio.</span> 
     </span>
    </p>

    <p class='ocr_par' dir='ltr' id='par_1_7' title="bbox 285 3518 1118 3598">
     <span class='ocr_line' id='line_1_27' title="bbox 285 3518 1118 3598; baseline 0.004 -24"><span class='ocrx_word' id='word_1_180' title='bbox 285 3519 351 3574; x_wconf 82' lang='lat' dir='ltr'>Heio</span> <span class='ocrx_word' id='word_1_181' title='bbox 372 3518 415 3589; x_wconf 88' lang='lat' dir='ltr'>(p.</span> <span class='ocrx_word' id='word_1_182' title='bbox 438 3531 492 3587; x_wconf 70' lang='lat'>309</span> <span class='ocrx_word' id='word_1_183' title='bbox 512 3521 645 3590; x_wconf 82' lang='lat' dir='ltr'>usquead</span> <span class='ocrx_word' id='word_1_184' title='bbox 667 3522 764 3589; x_wconf 83' lang='lat' dir='ltr'>finem)</span> <span class='ocrx_word' id='word_1_185' title='bbox 785 3523 868 3577; x_wconf 76' lang='lat' dir='ltr'>multa</span> <span class='ocrx_word' id='word_1_186' title='bbox 887 3536 984 3576; x_wconf 82' lang='lat' dir='ltr'>notatu</span> <span class='ocrx_word' id='word_1_187' title='bbox 1002 3524 1084 3598; x_wconf 66' lang='lat' dir='ltr'>diga·</span> <span class='ocrx_word' id='word_1_188' title='bbox 1104 3541 1118 3577; x_wconf 81' lang='lat' dir='ltr'>e</span> 
     </span>
    </p>

    <p class='ocr_par' dir='ltr' id='par_1_8' title="bbox 217 3603 1117 3781">
     <span class='ocr_line' id='line_1_28' title="bbox 287 3603 1117 3684; baseline 0.014 -22"><span class='ocrx_word' id='word_1_189' title='bbox 287 3607 410 3680; x_wconf 79' lang='lat' dir='ltr'>pluribus</span> <span class='ocrx_word' id='word_1_190' title='bbox 423 3610 496 3664; x_wconf 73' lang='lat' dir='ltr'>libris</span> <span class='ocrx_word' id='word_1_191' title='bbox 512 3611 652 3668; x_wconf 80' lang='lat' dir='ltr'>lalandiois</span> <span class='ocrx_word' id='word_1_192' title='bbox 664 3613 849 3684; x_wconf 81' lang='lat' dir='ltr'>manuscriptis</span> <span class='ocrx_word' id='word_1_193' title='bbox 863 3617 973 3671; x_wconf 81' lang='lat' dir='ltr'>eolleett</span> <span class='ocrx_word' id='word_1_194' title='bbox 991 3603 1117 3674; x_wconf 73' lang='lat' dir='ltr'>ioverriet.</span> 
     </span>
     <span class='ocr_line' id='line_1_29' title="bbox 217 3695 1017 3781; baseline 0.014 -25"><span class='ocrx_word' id='word_1_195' title='bbox 217 3695 253 3771; x_wconf 61' lang='grc' dir='ltr'>θ)</span> <span class='ocrx_word' id='word_1_196' title='bbox 270 3701 364 3758; x_wconf 82' lang='lat' dir='ltr'>eonlr.</span> <span class='ocrx_word' id='word_1_197' title='bbox 384 3705 411 3754; x_wconf 80' lang='lat' dir='ltr'>M</span> <span class='ocrx_word' id='word_1_198' title='bbox 428 3715 557 3773; x_wconf 72' lang='lat' dir='ltr'>grestem</span> <span class='ocrx_word' id='word_1_199' title='bbox 576 3703 660 3764; x_wconf 76' lang='lat' dir='ltr'>eidra</span> <span class='ocrx_word' id='word_1_200' title='bbox 675 3707 748 3765; x_wconf 79' lang='lat' dir='ltr'>Eddt</span> <span class='ocrx_word' id='word_1_201' title='bbox 766 3707 820 3765; x_wconf 83' lang='lat' dir='ltr'>nt.</span> <span class='ocrx_word' id='word_1_202' title='bbox 842 3727 868 3781; x_wconf 78' lang='lat' dir='ltr'>p.</span> <span class='ocrx_word' id='word_1_203' title='bbox 888 3717 923 3775; x_wconf 72' lang='lat'>84</span> <span class='ocrx_word' id='word_1_204' title='bbox 943 3723 1017 3779; x_wconf 76' lang='lat' dir='ltr'>seqq.</span> 
     </span>
    </p>
   </div>
   <div class='ocr_carea' id='block_1_6' title="bbox 0 0 1240 4330">
    <p class='ocr_par' dir='ltr' id='par_1_9' title="bbox 0 0 1240 4330">
     <span class='ocr_line' id='line_1_30' title="bbox 0 0 1240 4330; baseline 0 8"><span class='ocrx_word' id='word_1_205' title='bbox 0 0 1240 4330; x_wconf 95' lang='lat' dir='ltr'> </span> 
     </span>
    </p>
   </div>
  </div>
 </body>
</html>
