2472 4330
313 230 378 316 76

248 467 374 545 nempe
398 444 548 529 Alanos,
592 448 750 528 Gerenos,
791 445 979 539 Georgdos,
1021 444 1175 524 eradius,

248 593 323 666 quoe
340 571 392 643 his
413 553 563 663 cognosse
579 571 903 652 sonr‚'l'arrnrorom
919 564 1060 643 tribus·
1094 568 1176 636 Eo·

250 695 328 766 dem
344 715 477 790 quoque
496 692 584 763 srehi
607 710 748 790 possent
764 717 888 765 omnes
904 694 1055 764 notiones
1067 687 1177 759 Bud-

249 819 380 888 drismo
404 814 565 895 addicto,
602 793 766 912 quotenos
786 815 915 923 ediquid
941 838 984 886 ex
1008 799 1175 884 m'orib'us

249 939 446 1012 Gothorum
464 957 623 1012 mutuerae
637 959 725 1016 sune.
759 946 824 1014 ·At
841 940 978 1033 longius
997 932 1089 1008 forre
1112 935 1175 1005 in·

248 1065 385 1136 haesisse
403 1062 570 1136 ¹videmur
595 1063 675 1150 huie
698 1061 740 1136 de
763 1064 1006 1164 propagatione
1031 1056 1180 1134 Gotho·

240 1189 489 1258 serumserum
517 1191 714 1281 questioni,
738 1189 831 1258 dum
855 1192 956 1259 unice
980 1187 1063 1256 ereis
1081 1181 1177 1252 seri·

248 1306 371 1385 bendi‚
399 1307 474 1376 sive
498 1309 692 1386 Runaeum,
727 1310 822 1376 iniria
847 1305 973 1379 abillis
990 1297 1173 1376 deducere

248 1432 474 1502 voluerimus.
506 1431 585 1500 Hoc
595 1449 708 1500 nutem
721 1427 825 1498 modo
839 1426 1176 1499 credidimuseiam

247 1551 349 1627 nobis
369 1552 557 1652 planiorem
590 1547 667 1623 fore
697 1549 738 1640 ed
767 1546 957 1638 indagando
982 1549 1176 1618 Runsrum

247 1675 336 1769 apud
365 1675 443 1742 alins
465 1687 585 1762 gentes
613 1672 775 1769 vestigia,
821 1677 903 1744 nsm'
933 1670 963 1742 si
988 1694 1006 1740 e
1034 1669 1173 1741 Gothis

235 1796 360 1891 primo
386 1794 535 1865 invente
557 1815 636 1866 sunt
652 1796 778 1876 litere,
818 1793 917 1874 sive,
942 1787 1045 1889 {quod
1067 1790 1169 1863 idem

235 1932 317 1996 ese,
349 1917 473 1996 Ruuae,
505 1917 710 2013 sperandum
738 1913 827 2015 opud
857 1936 979 1988 omnes
1003 1912 1168 1986 Gothicre

234 2034 387 2113 ¹familie
414 2043 621 2137 propagines
648 2041 799 2120 inveniri
832 2037 954 2109 hurum
983 2037 1166 2110 literarum

235 2165 393 2242 semina,
420 2162 511 2233 unde
530 2179 647 2258 posteo
668 2181 764 2263 enare
783 2159 851 2234 sin't
871 2163 1004 2243 omnis,
1033 2183 1107 2256 que
1125 2163 1163 2232 in

245 2279 449 2365 profuere,
486 2283 745 2382 alphabetorum
767 2309 904 2380 genere.
975 2285 1161 2355 Steruimus

80 2391 84 2396 ⁵
157 2497 160 2501 ,
234 2418 329 2501 'ergo
344 2405 436 2506 opud
463 2409 788 2481 Gotho-caucasios
811 2405 991 2503 querenda
1011 2428 1087 2478 esse
1105 2429 1163 2477 er-

188 2525 196 2542 ‘
245 2532 290 2602 ris
308 2517 487 2608 seribendi
509 2532 624 2613 iniria,
652 2551 686 2603 et
711 2552 789 2612 eom
810 2530 866 2601 his
890 2530 932 2603 ed
947 2549 1067 2600 omnes
1083 2551 1163 2626 per·

244 2676 298 2726 res
311 2659 541 2754 'propagatum
564 2650 671 2724 fuisse
685 2652 860 2726 literarum
880 2673 995 2731 usum.
1044 2652 1161 2724 Locus

232 2797 360 2850 eorem
382 2799 415 2846 er
442 2793 577 2873 tempus
601 2776 811 2848 inventionis
832 2799 902 2848 non
924 2793 1037 2875 potest
1061 2797 1160 2847 aecu-

242 2922 314 2971 rare
337 2892 496 2978 definiri,
544 2896 606 2969 sed
633 2919 708 2970 eum
735 2899 778 2972 nd
799 2915 956 2998 tempore
972 2903 1083 2994 ¹longe
1105 2921 1157 2974 re·

231 3020 431 3090 motisrima
456 3015 589 3092 referre
607 3021 668 3093 vix
688 3019 894 3096 dubitemus.
958 3026 1035 3120 Ipse
1060 3021 1157 3092 enim

240 3163 297 3214 res
320 3140 439 3211 svadet
463 3141 681 3218 admittemus
708 3164 817 3217 artem
842 3140 1015 3219 scribendi
1042 3165 1061 3212 e
1084 3145 1156 3215 Go-

240 3265 509 3335 tho-Caucasiis
531 3265 640 3339 fuisse
663 3269 856 3347 inventam,
894 3268 1094 3370 priusquam
1115 3289 1156 3338 se
1221 3263 1222 3268 ’

237 3393 303 3488 per
338 3385 453 3460 Asiam
485 3409 519 3459 et
540 3390 711 3488 Europam
743 3387 926 3460 extendere
957 3407 1151 3482 ceperunt,

224 3509 332 3582 ¹unde
348 3529 546 3605 sequeretur
558 3512 669 3607 prime
684 3486 877 3582 litter'rrum
893 3506 1096 3584 incunabula
1114 3513 1150 3583 iu

243 3631 327 3730 ipsis
345 3632 518 3736 primariis
533 3632 729 3712 Gothorum
745 3627 885 3722 sedibus
907 3655 982 3746 erse
998 3655 1149 3736 quereu-
