2472 4330
223 506 387 582 Eirioiettu
410 511 538 604 goriim
565 506 621 578 iot

68 727 70 732 Ι
227 633 325 700 titum
350 630 453 700 horno
479 631 603 701 touimo
615 651 630 710 ,·

93 774 164 850 quo
184 773 341 850 respecto
355 755 455 824 etiam
479 755 653 853 conspirat
670 773 749 823 cum
772 754 858 836 aiiit,
879 774 948 828 tam
971 760 1008 832 in

95 875 209 973 cippis
231 899 330 973 quam
356 879 545 976 presertim
569 879 605 950 in
621 872 797 958 cornibus,
822 901 896 976 qus.-
921 879 1011 980 tpod

97 1019 163 1070 nos
174 1021 305 1097 reperta
317 1021 407 1078 sunt,
424 997 538 1074 obviis
555 997 848 1102 inscriptionibus,
866 1023 1008 1098 quarum

98 1121 217 1193 multe
241 1143 319 1192 sunt
337 1123 488 1218 pudticar.

200 1243 233 1312 Si
253 1245 340 1322 haec,
367 1266 470 1340 quam
483 1239 553 1337 jam
572 1239 747 1324 dedimus,
773 1243 1011 1342 inscriptionis

94 1362 282 1462 explicatio
293 1389 390 1456 ¹tecta
409 1387 478 1447 est,
505 1367 661 1466 sequitur
677 1388 750 1435 eam
774 1389 842 1435 non
859 1365 900 1438 ab
915 1369 1015 1439 initio

15 1486 18 1494 ’
100 1509 180 1558 cum
197 1484 423 1563 conficeretur
444 1511 563 1568 cornu,
588 1489 790 1589 insculptam
808 1483 930 1568 fuisse,
950 1473 1018 1564 'sed
1098 1513 1104 1529 ’

100 1610 317 1684 tribuendam
336 1637 409 1684 esse
433 1615 546 1684 monui
563 1612 767 1690 recentiori,
791 1633 867 1706 quc
886 1615 929 1683 ita
945 1637 1017 1684 cor·

105 1754 211 1804 nuum
240 1727 345 1805 humo
373 1737 606 1830 depositorum
637 1737 839 1806 memoriam
873 1741 1019 1833 posteris

106 1877 312 1925 conservare
335 1856 496 1924 voluerit.
548 1855 730 1926 credimur
755 1880 839 1950 crgo
858 1859 927 1931 duo
949 1861 1021 1933 hac

109 1999 236 2050 cornua
259 1977 342 2052 oiim
368 1973 473 2044 inisse
504 1973 626 2070 tegulo
650 1975 784 2043 cuidam
808 1981 926 2073 Jutiae,
962 1988 1023 2078 qui

109 2103 264 2204 periculo
281 2099 499 2200 imminenti,¹
522 2097 597 2168 sive
612 2096 675 2166 aiio
690 2116 803 2176 cauta,
830 2087 1024 2173 commotus

110 2247 151 2295 ea
168 2222 300 2294 rumulo
315 2219 530 2300 condiderit,
557 2218 670 2292 addita
689 2221 724 2290 in
754 2219 1025 2294 reimtmoriam
1122 2207 1124 2212 ¹
1200 2211 1204 2224 ¹

109 2351 174 2424 hac
194 2341 389 2445 epigraphe.
439 2345 602 2413 Ceterum
619 2344 755 2433 lingva,
782 2363 884 2440 quam
903 2365 971 2440 prat
990 2370 1026 2418 tc

113 2467 184 2550 fert
207 2465 406 2570 inscriptio,
445 2465 584 2540 videtur
617 2487 692 2538 esse
719 2483 817 2537 vetus
847 2465 1027 2548 Scandira,

114 2595 157 2668 sd
175 2590 460 2667 consuetudinem
487 2589 726 2662 Germanicam
753 2585 929 2682 paululum
949 2611 1028 2660 cun.

115 2714 282 2794 formata,
323 2713 415 2782 unde
452 2713 632 2804 colligeres
664 2729 738 2779 eam
766 2707 1028 2784 Christianismo

84 2891 89 2898 -
117 2835 207 2938 sputi
234 2857 296 2908 nos
325 2854 464 2945 recepto
486 2837 544 2910 vix
565 2857 638 2906 esse
660 2833 909 2928 antiquiorem,
936 2834 1031 2934 quod

118 2963 224 3038 etiem
249 2977 317 3028 tota
339 2957 516 3052 scripturn
541 2957 673 3026 indoles
689 2950 881 3034 confirmat.

186 3085 331 3174 Figurae
339 3079 475 3173 utrique
489 3101 593 3150 cornu
606 3078 713 3152 inserti
719 3098 790 3178 pras
801 3075 889 3180 quod
900 3079 1031 3162 attinet,

121 3195 1034 3297 beneexingenioartificisborealisexplicaripossunt,

124 3328 285 3427 inprimis
308 3347 387 3398 cum
417 3324 509 3394 nulia
528 3321 738 3400 adsit'ratin,
771 3345 833 3392 cur
858 3346 1035 3430 negemus,

124 3447 272 3522 artifices
299 3447 509 3524 Scandicost
531 3442 725 3522 nationibus
746 3441 967 3528 australibus,
996 3447 1036 3522 jn

127 3594 201 3648 stre
217 3568 639 3664 mapiaetrercitatismdeas
650 3565 810 3663 quasdam
824 3565 1041 3642 desumsissc.
1120 3649 1125 3657 ,

130 3697 296 3774 Ceterum
318 3694 426 3796 siquis
443 3693 587 3770 lustrate
604 3690 708 3766 vellet
731 3710 853 3762 omnes
872 3692 907 3764 in
930 3691 1040 3795 cippis

772 3813 809 3886 H
826 3838 846 3886 2
