2468 4344
845 161 975 274 *23

117 401 225 472 litere
256 399 300 471 ita
332 399 431 470 dietae
458 395 654 481 Toletano,
684 423 758 497 que
779 403 938 500 paulatim
971 425 1035 501 pto

117 513 1029 622 geniugentisimmutataeRunastandempepererint.

116 649 190 717 Has
217 667 332 716 autem
358 645 482 715 deinde
505 645 579 716 vult
604 669 666 743 per
684 632 822 718 Gothos
838 669 870 720 et
892 651 1033 722 Germa·

115 791 180 839 nos
203 770 241 838 in
268 771 538 864 septentrionem
556 791 631 838 esse
654 768 883 852 introductas,
931 789 1032 866 atque

114 892 269 986 primum
289 912 370 960 eum
390 893 512 982 Anglis
531 894 819 972 communicatas,
860 891 951 962 unde
968 888 1031 961 sub

11 1043 23 1060 ·’
114 1014 213 1084 initia
252 1013 603 1104 Christianismi'per
643 1034 765 1080 omnes
791 1012 927 1081 tandem
958 1035 1031 1110 sep·

113 1134 301 1202 tentrionis
339 1133 499 1224 regiones
531 1153 585 1200 eas
614 1127 754 1200 diffusas
792 1153 865 1203 esse
901 1137 1029 1206 statuit.

114 1259 210 1327 Dum
234 1254 292 1324 taii
312 1253 419 1325 modo
438 1256 611 1326 Runatum
631 1257 869 1328 inventionem
887 1255 927 1326 ad
946 1275 1030 1326 tent·

111 1399 196 1474 pora
222 1375 475 1449 Christianismi
499 1375 683 1448 detrudere
710 1401 871 1461 conetur,
910 1381 1028 1450 multis

111 1496 317 1592 ambagibus
345 1503 522 1594 multaque
551 1521 623 1571 attte
649 1495 755 1570 fidem
780 1501 1026 1574 historicorum

110 1624 318 1702 borealium,
343 1625 402 1719 qui
423 1621 466 1692 de
478 1624 655 1694 Runatum
673 1645 738 1694 usu
755 1619 900 1698 florente
917 1625 1026 1696 sdbue

109 1747 319 1816 ethnicismo
345 1747 560 1816 mentionem
596 1747 776 1840 injiciunt,
824 1739 1026 1838 labefactare

107 1869 235 1941 studet.
304 1867 369 1942 Sed
388 1888 507 1938 contra
529 1869 592 1938 bos
613 1893 734 1942 omnes
752 1895 904 1944 monete
927 1867 1027 1942 ruffi·-

107 1995 187 2072 ciat,
228 1990 322 2089 quod
345 2013 449 2088 rupes
466 1989 509 2062 de
531 1987 774 2064 convenientia
800 1996 888 2062 inter
912 1995 1026 2063 literas

107 2115 256 2187 Raeticae
296 2135 330 2182 et
379 2118 514 2186 Graan
552 2114 835 2207 observavimus,
889 2113 1027 2186 obstate

106 2238 188 2310 huic
217 2234 394 2306 sententie
421 2235 577 2306 ordinem
607 2242 786 2312 literatum
815 2240 1025 2310 Runiesrutu

104 2379 138 2434 et
152 2357 321 2452 figurem,
364 2375 439 2451 que
454 2377 533 2426 cum
556 2361 590 2426 in
610 2359 813 2454 quibusdum
830 2360 915 2433 adeo
932 2363 1025 2432 simi·

103 2485 148 2556 lis
164 2485 207 2555 sit
229 2479 339 2558 litetie
355 2479 507 2560 barinis,
534 2473 616 2550 ¹non
634 2479 794 2552 uidemus
811 2505 872 2552 eur
888 2503 922 2551 et
943 2505 1026 2577 quu-

104 2603 211 2676 modu
240 2608 276 2676 iu
303 2603 425 2676 ceteris
451 2600 492 2673 ab
524 2603 593 2674 iliis
627 2623 804 2699 tantopere
832 2601 1026 2699 discrepue-

105 2728 171 2806 rit,
205 2749 283 2798 nam
302 2728 331 2796 si
348 2727 403 2796 vei
422 2747 455 2795 et
473 2748 569 2798 notas
587 2725 905 2824 steganogtaphicas
921 2747 954 2798 et
970 2725 1027 2798 de-

105 2868 261 2948 pravatas
280 2850 391 2919 literas
403 2849 588 2922 Latinas'iu
606 2851 772 2921 auxilium
790 2871 972 2931 vocemus,
990 2871 1024 2922 et

3 2991 4 2996 ’
105 2973 165 3046 has
186 2995 265 3042 eum
284 2971 393 3042 Runis
414 2995 671 3067 comparemus,
699 2997 767 3045 non
788 2975 1022 3056 inveniemus,

106 3119 176 3195 quo
195 3094 301 3166 modo
326 3083 408 3164 tries
432 3096 610 3166 literarum
637 3094 776 3176 formu,
809 3100 922 3192 quales
944 3117 1022 3170 sunt

104 3218 375 3316 discrepantium
400 3221 574 3318 Runarum
601 3219 681 3288 inde
704 3222 815 3290 enasci
834 3225 1019 3316 potuerint.

104 3341 146 3410 Et
178 3343 207 3410 si
240 3343 454 3434 argumentis
499 3341 672 3414 historicis
709 3343 860 3413 evictum
896 3337 1021 3417 fuerit,

104 3461 216 3568 R'unrs
246 3469 282 3539 in
312 3465 547 3562 septentrione
567 3488 644 3538 ante
671 3467 848 3559 cognitum
862 3447 1022 3535 Christia-
