2472 4330
864 301 925 383 83

78 515 208 614 primus
227 510 326 585 sedes
342 507 536 582 habuerint.
588 467 740 605 Illoque
759 505 837 581 heic
853 509 991 586 invente

77 658 148 708 etat
167 637 349 734 scriptura,
379 655 449 703 non
462 631 576 703 solum
591 634 762 705 orientem
778 653 899 704 versus
912 657 992 730 pto·
1109 649 1116 662 ·

79 781 200 860 psgtto
217 773 285 834 est,
321 751 381 826 sed
395 755 577 852 purissima·
593 774 694 852 utque
709 755 888 854 primitiva
904 753 995 826 illius
1065 799 1067 806 ·

78 882 213 980 speeies
232 879 333 950 etism
351 875 563 950 occidentem
582 900 702 951 versus
719 900 783 976 per
803 897 909 950 torem
928 877 997 949 Eu·
1117 925 1119 930 .

82 1003 204 1101 ropnm
220 1022 297 1072 cum
309 1000 434 1072 Gothis
451 996 719 1073 diffundebttur.
770 989 816 1070 At
834 975 911 1070 edm
928 999 997 1094 jem

83 1123 128 1196 sd
150 1125 265 1196 Runss
282 1137 416 1196 nostras
437 1122 578 1218 proprie
589 1123 642 1193 sic
664 1120 770 1192 dictus
790 1140 1000 1220 perventum

84 1247 152 1326 sit,
179 1267 281 1317 nont
300 1265 338 1317 re
353 1242 503 1316 alienum
521 1247 586 1318 etit
604 1243 801 1328 ostendere,
826 1245 935 1341 qualis
951 1269 1003 1316 ts·

85 1389 167 1440 rum
182 1359 289 1441 fuerit
303 1366 415 1466 prime
432 1364 597 1474 conditio,
624 1369 701 1466 quis
717 1388 881 1442 numerus
900 1387 1002 1465 atque

87 1483 206 1586 figura.
1019 1483 1021 1490 “

412 1693 518 1825 Ιχ9·
547 1762 605 1830 35·

193 1895 391 1968 Numerum
406 1898 583 1970 Runarum
599 1903 691 1997 quod
704 1906 835 1984 attinet,
862 1899 1007 1998 jampri-

95 2005 177 2092 dem
201 2019 362 2092 anosttis
386 2021 612 2092 constitutum
635 2042 687 2094 est
702 2043 758 2092 eas
778 2021 821 2091 sb
839 2022 939 2090 initio
957 2015 1010 2090 fu·

95 2145 166 2215 isse
179 2139 346 2222 sedecim,
374 2143 720 2240 etsisntiquitsimes,
743 2134 1009 2244 qutshsbemus,

1 2259 2 2264 ’
96 2261 341 2359 inscriptiones
364 2263 510 2334 Runices
528 2269 755 2351 consulimus,
794 2264 1013 2340 inveniemus

98 2388 139 2459 in
169 2385 223 2457 his
251 2383 402 2458 sedecim
428 2389 604 2460 Runarum
635 2385 782 2481 figuris,
841 2385 933 2459 unde
967 2381 1016 2456 ft·

101 2510 169 2582 cile
194 2505 353 2582 crederet
377 2507 469 2581 hunc
496 2531 680 2582 nnmerum
704 2513 813 2581 Runis
830 2509 956 2579 nostris
974 2504 1016 2573 sb

5 2615 7 2632 ’
103 2633 203 2706 initio
225 2632 423 2726 contigisse.
488 2631 555 2704 Sed
579 2634 767 2706 accuratius
788 2627 1019 2703 consideranti
1060 2637 1067 2654 '

102 2776 161 2828 tet
184 2753 282 2826 aliter
303 2777 340 2824 se
362 2751 487 2826 hebere
504 2754 696 2838 videbitur,
737 2751 911 2828 nrmduae
927 2751 1019 2822 inter

104 2941 166 3024 ires
182 2939 332 3018 sedecim
349 2944 524 3020 literarum
543 2943 688 3055 figuras,
713 2969 838 3045 nempe
863 2874 920 3050 4⁴⁶
945 2945 966 3018 o
985 2966 1019 3018 et

119 3077 176 3235 (h
193 3159 210 3210 t
228 3131 346 3217 finale,
380 3135 562 3237 superflue·
574 3156 671 3220 sont,
705 3155 739 3211 et
754 3140 784 3211 si
801 3137 858 3212 vel
872 3139 909 3213 in
925 3159 1021 3209 veru·
1132 3125 1136 3130 ⁵

11 3303 19 3329 r
109 3264 171 3332 stis
188 3261 297 3359 cippis
316 3279 513 3342 occurrant,
542 3281 656 3336 tamen
677 3264 848 3340 cum‘ah'is
865 3245 1040 3364 ejusdem¹

108 3387 284 3482 potestatis
302 3385 412 3456 literis
430 3407 518 3482 saepe
535 3399 792 3483 permutentur,
832 3387 931 3464 itaut
949 3382 1023 3452 nul·

109 3507 179 3579 ltm
193 3505 258 3578 sibi
271 3509 446 3610 proprium
461 3505 608 3581 habeant
622 3523 839 3604 potestatem.
895 3507 948 3573 Sic
959 3521 1023 3598 pro

212 3653 216 3660 .
311 3622 322 3673 J
696 3665 703 3680 x

127 3638 175 3797 3?
194 3719 220 3786 ¹o
245 3688 354 3772 nostri
371 3699 792 3797 antiquitusssctipserunt
810 3719 854 3778 u.
894 3711 932 3768 ut
949 3715 1023 3774 ttttt,

763 3819 791 3888 F
809 3841 830 3887 2
1058 3811 1060 3814 ’
