<?xml version="1.0" encoding="UTF-8"?>
<!DOCTYPE html PUBLIC "-//W3C//DTD XHTML 1.0 Transitional//EN"
    "http://www.w3.org/TR/xhtml1/DTD/xhtml1-transitional.dtd">
<html xmlns="http://www.w3.org/1999/xhtml" xml:lang="en" lang="en">
 <head>
  <title>
</title>
<meta http-equiv="Content-Type" content="text/html;charset=utf-8" />
  <meta name='ocr-system' content='tesseract 3.04.00' />
  <meta name='ocr-capabilities' content='ocr_page ocr_carea ocr_par ocr_line ocrx_word'/>
</head>
<body>
  <div class='ocr_page' id='page_1' title='image "./periculumrunolo00reppgoog_0119.png"; bbox 0 0 2472 4330; ppageno 0'>
   <div class='ocr_carea' id='block_1_1' title="bbox 237 485 1164 1448">
    <p class='ocr_par' dir='ltr' id='par_1_1' title="bbox 237 485 1164 1448">
     <span class='ocr_line' id='line_1_1' title="bbox 242 485 1161 592; baseline -0.002 -30"><span class='ocrx_word' id='word_1_1' title='bbox 242 491 286 562; x_wconf 84' lang='lat' dir='ltr'>&#39;dc</span> <span class='ocrx_word' id='word_1_2' title='bbox 326 489 574 564; x_wconf 78' lang='lat' dir='ltr'>characteribus</span> <span class='ocrx_word' id='word_1_3' title='bbox 607 491 844 592; x_wconf 87' lang='lat' dir='ltr'>sepulcrorum</span> <span class='ocrx_word' id='word_1_4' title='bbox 879 485 1068 589; x_wconf 86' lang='lat' dir='ltr'>parietibus</span> <span class='ocrx_word' id='word_1_5' title='bbox 1105 490 1161 560; x_wconf 89' lang='lat' dir='ltr'>in·</span> 
     </span>
     <span class='ocr_line' id='line_1_2' title="bbox 239 609 1161 713; baseline -0.005 -27"><span class='ocrx_word' id='word_1_6' title='bbox 239 615 401 713; x_wconf 76' lang='lat' dir='ltr'>sculptis,</span> <span class='ocrx_word' id='word_1_7' title='bbox 436 612 478 685; x_wconf 85' lang='lat' dir='ltr'>dc</span> <span class='ocrx_word' id='word_1_8' title='bbox 502 609 625 712; x_wconf 86' lang='lat' dir='ltr'>quibus</span> <span class='ocrx_word' id='word_1_9' title='bbox 644 617 751 686; x_wconf 87' lang='lat' dir='ltr'>multa</span> <span class='ocrx_word' id='word_1_10' title='bbox 775 613 938 686; x_wconf 85' lang='lat' dir='ltr'>disseruit</span> <span class='ocrx_word' id='word_1_11' title='bbox 962 612 1161 685; x_wconf 87' lang='lat' dir='ltr'>Grimmius</span> 
     </span>
     <span class='ocr_line' id='line_1_3' title="bbox 237 733 1162 836; baseline -0.001 -30"><span class='ocrx_word' id='word_1_12' title='bbox 237 745 334 834; x_wconf 78' lang='lat' dir='ltr'>(pag.</span> <span class='ocrx_word' id='word_1_13' title='bbox 361 761 429 822; x_wconf 86' lang='lat'>255</span> <span class='ocrx_word' id='word_1_14' title='bbox 455 745 584 834; x_wconf 86' lang='lat' dir='ltr'>seqq.),</span> <span class='ocrx_word' id='word_1_15' title='bbox 621 758 778 807; x_wconf 87' lang='lat' dir='ltr'>necnon</span> <span class='ocrx_word' id='word_1_16' title='bbox 809 733 1093 836; x_wconf 78' lang='lat' dir='ltr'>inscriptionibus</span> <span class='ocrx_word' id='word_1_17' title='bbox 1119 735 1162 805; x_wconf 91' lang='lat' dir='ltr'>in</span> 
     </span>
     <span class='ocr_line' id='line_1_4' title="bbox 241 855 1161 956; baseline -0.003 -25"><span class='ocrx_word' id='word_1_18' title='bbox 241 882 325 931; x_wconf 87' lang='lat' dir='ltr'>urna</span> <span class='ocrx_word' id='word_1_19' title='bbox 342 857 485 954; x_wconf 88' lang='lat' dir='ltr'>quadam</span> <span class='ocrx_word' id='word_1_20' title='bbox 504 878 538 930; x_wconf 89' lang='lat' dir='ltr'>et</span> <span class='ocrx_word' id='word_1_21' title='bbox 555 857 680 930; x_wconf 84' lang='lat' dir='ltr'>annulo</span> <span class='ocrx_word' id='word_1_22' title='bbox 696 855 827 938; x_wconf 84' lang='lat' dir='ltr'>obviis,</span> <span class='ocrx_word' id='word_1_23' title='bbox 851 881 995 956; x_wconf 84' lang='lat' dir='ltr'>quarunt</span> <span class='ocrx_word' id='word_1_24' title='bbox 1014 858 1161 932; x_wconf 83' lang='lat' dir='ltr'>mentio·</span> 
     </span>
     <span class='ocr_line' id='line_1_5' title="bbox 239 955 1163 1081; baseline -0.003 -27"><span class='ocrx_word' id='word_1_25' title='bbox 239 1004 321 1054; x_wconf 87' lang='lat' dir='ltr'>nem</span> <span class='ocrx_word' id='word_1_26' title='bbox 341 980 422 1053; x_wconf 85' lang='lat' dir='ltr'>lacit</span> <span class='ocrx_word' id='word_1_27' title='bbox 432 955 578 1081; x_wconf 65' lang='lat' dir='ltr'>Bapcrus</span> <span class='ocrx_word' id='word_1_28' title='bbox 599 990 653 1071; x_wconf 84' lang='lat'>¹),</span> <span class='ocrx_word' id='word_1_29' title='bbox 679 1004 752 1078; x_wconf 85' lang='lat' dir='ltr'>quae</span> <span class='ocrx_word' id='word_1_30' title='bbox 765 1001 890 1061; x_wconf 89' lang='lat' dir='ltr'>tamen,</span> <span class='ocrx_word' id='word_1_31' title='bbox 904 981 932 1050; x_wconf 90' lang='lat' dir='ltr'>si</span> <span class='ocrx_word' id='word_1_32' title='bbox 949 977 992 1051; x_wconf 84' lang='lat' dir='ltr'>ad</span> <span class='ocrx_word' id='word_1_33' title='bbox 1010 982 1163 1080; x_wconf 81' lang='lat' dir='ltr'>scriptu-</span> 
     </span>
     <span class='ocr_line' id='line_1_6' title="bbox 239 1101 1164 1202; baseline -0.002 -27"><span class='ocrx_word' id='word_1_34' title='bbox 239 1128 312 1175; x_wconf 85' lang='lat' dir='ltr'>ram</span> <span class='ocrx_word' id='word_1_35' title='bbox 323 1107 722 1185; x_wconf 73' lang='lat' dir='ltr'>Germanico-tunicam,</span> <span class='ocrx_word' id='word_1_36' title='bbox 748 1101 1030 1184; x_wconf 84' lang='lat' dir='ltr'>utcrerlctelicet,</span> <span class='ocrx_word' id='word_1_37' title='bbox 1053 1104 1164 1202; x_wconf 90' lang='lat' dir='ltr'>pcrti-</span> 
     </span>
     <span class='ocr_line' id='line_1_7' title="bbox 238 1225 1161 1330; baseline -0.007 -30"><span class='ocrx_word' id='word_1_38' title='bbox 238 1249 332 1306; x_wconf 86' lang='lat' dir='ltr'>nent,</span> <span class='ocrx_word' id='word_1_39' title='bbox 358 1225 1161 1330; x_wconf 75' lang='lat' dir='ltr'>ostenduntobtinuisseplutaapudGcrmanos</span> 
     </span>
     <span class='ocr_line' id='line_1_8' title="bbox 238 1335 1162 1448; baseline -0.003 -27"><span class='ocrx_word' id='word_1_40' title='bbox 238 1346 411 1422; x_wconf 73' lang='lat' dir='ltr'>scribendi</span> <span class='ocrx_word' id='word_1_41' title='bbox 420 1372 556 1443; x_wconf 79' lang='lat' dir='ltr'>genera,</span> <span class='ocrx_word' id='word_1_42' title='bbox 575 1353 618 1421; x_wconf 91' lang='lat' dir='ltr'>ad</span> <span class='ocrx_word' id='word_1_43' title='bbox 633 1345 851 1448; x_wconf 83' lang='lat' dir='ltr'>alphabetum</span> <span class='ocrx_word' id='word_1_44' title='bbox 864 1351 1083 1419; x_wconf 75' lang='lat' dir='ltr'>slavonicum</span> <span class='ocrx_word' id='word_1_45' title='bbox 1102 1335 1162 1418; x_wconf 87' lang='lat' dir='ltr'>aut</span> 
     </span>
    </p>
   </div>
   <div class='ocr_carea' id='block_1_2' title="bbox 19 1455 1161 1572">
    <p class='ocr_par' dir='ltr' id='par_1_2' title="bbox 19 1455 1161 1572">
     <span class='ocr_line' id='line_1_9' title="bbox 19 1455 1161 1572; baseline -0.006 -27"><span class='ocrx_word' id='word_1_46' title='bbox 19 1523 21 1530; x_wconf 79' lang='lat'><em>·</em></span> <span class='ocrx_word' id='word_1_47' title='bbox 130 1529 133 1536; x_wconf 85' lang='lat'>.</span> <span class='ocrx_word' id='word_1_48' title='bbox 236 1476 444 1545; x_wconf 89' lang='lat' dir='ltr'>Hunnicum</span> <span class='ocrx_word' id='word_1_49' title='bbox 469 1475 581 1572; x_wconf 82' lang='lat' dir='ltr'>aliqua</span> <span class='ocrx_word' id='word_1_50' title='bbox 601 1498 643 1546; x_wconf 86' lang='lat' dir='ltr'>ex</span> <span class='ocrx_word' id='word_1_51' title='bbox 666 1493 763 1570; x_wconf 88' lang='lat' dir='ltr'>parte</span> <span class='ocrx_word' id='word_1_52' title='bbox 783 1465 928 1542; x_wconf 82' lang='lat' dir='ltr'>fortasse</span> <span class='ocrx_word' id='word_1_53' title='bbox 947 1455 1161 1542; x_wconf 83' lang='lat' dir='ltr'>acccdentia.</span> 
     </span>
    </p>
   </div>
   <div class='ocr_carea' id='block_1_3' title="bbox 184 1588 1207 2920">
    <p class='ocr_par' dir='ltr' id='par_1_3' title="bbox 184 1588 1162 2793">
     <span class='ocr_line' id='line_1_10' title="bbox 236 1588 1162 1692; baseline -0.004 -26"><span class='ocrx_word' id='word_1_54' title='bbox 236 1597 341 1679; x_wconf 68' lang='lat' dir='ltr'>Hcs,</span> <span class='ocrx_word' id='word_1_55' title='bbox 367 1620 443 1692; x_wconf 80' lang='lat' dir='ltr'>quae</span> <span class='ocrx_word' id='word_1_56' title='bbox 454 1595 522 1688; x_wconf 90' lang='lat' dir='ltr'>jam</span> <span class='ocrx_word' id='word_1_57' title='bbox 542 1597 637 1666; x_wconf 86' lang='lat' dir='ltr'>allata</span> <span class='ocrx_word' id='word_1_58' title='bbox 655 1609 750 1669; x_wconf 86' lang='lat' dir='ltr'>sunt,</span> <span class='ocrx_word' id='word_1_59' title='bbox 781 1591 861 1660; x_wconf 88' lang='lat' dir='ltr'>satis</span> <span class='ocrx_word' id='word_1_60' title='bbox 878 1588 1025 1685; x_wconf 88' lang='lat' dir='ltr'>probant</span> <span class='ocrx_word' id='word_1_61' title='bbox 1044 1593 1162 1663; x_wconf 84' lang='lat' dir='ltr'>Runa·</span> 
     </span>
     <span class='ocr_line' id='line_1_11' title="bbox 235 1707 1160 1812; baseline -0.001 -27"><span class='ocrx_word' id='word_1_62' title='bbox 235 1739 313 1786; x_wconf 88' lang='lat' dir='ltr'>sum</span> <span class='ocrx_word' id='word_1_63' title='bbox 339 1739 438 1784; x_wconf 91' lang='lat' dir='ltr'>usum</span> <span class='ocrx_word' id='word_1_64' title='bbox 472 1713 562 1812; x_wconf 83' lang='lat' dir='ltr'>apud</span> <span class='ocrx_word' id='word_1_65' title='bbox 589 1718 782 1786; x_wconf 82' lang='lat' dir='ltr'>Germanos</span> <span class='ocrx_word' id='word_1_66' title='bbox 808 1707 914 1784; x_wconf 84' lang='lat' dir='ltr'>fuisse</span> <span class='ocrx_word' id='word_1_67' title='bbox 941 1711 1160 1784; x_wconf 71' lang='lat' dir='ltr'>eundemne</span> 
     </span>
     <span class='ocr_line' id='line_1_12' title="bbox 233 1827 1161 1934; baseline 0.004 -29"><span class='ocrx_word' id='word_1_68' title='bbox 233 1837 323 1932; x_wconf 88' lang='lat' dir='ltr'>apud</span> <span class='ocrx_word' id='word_1_69' title='bbox 349 1827 596 1916; x_wconf 81' lang='lat' dir='ltr'>scandinavo&#39;s,</span> <span class='ocrx_word' id='word_1_70' title='bbox 623 1836 796 1925; x_wconf 83' lang='lat' dir='ltr'>magicum</span> <span class='ocrx_word' id='word_1_71' title='bbox 822 1856 948 1934; x_wconf 85' lang='lat' dir='ltr'>nempe</span> <span class='ocrx_word' id='word_1_72' title='bbox 979 1855 1014 1908; x_wconf 88' lang='lat' dir='ltr'>et</span> <span class='ocrx_word' id='word_1_73' title='bbox 1036 1837 1161 1929; x_wconf 82' lang='lat' dir='ltr'>vulga·</span> 
     </span>
     <span class='ocr_line' id='line_1_13' title="bbox 231 1950 1158 2058; baseline 0.003 -28"><span class='ocrx_word' id='word_1_74' title='bbox 231 1953 324 2039; x_wconf 82' lang='lat' dir='ltr'>rcm,</span> <span class='ocrx_word' id='word_1_75' title='bbox 365 1960 461 2028; x_wconf 91' lang='lat' dir='ltr'>cuius</span> <span class='ocrx_word' id='word_1_76' title='bbox 489 1961 617 2032; x_wconf 83' lang='lat' dir='ltr'>iterum</span> <span class='ocrx_word' id='word_1_77' title='bbox 648 1950 766 2055; x_wconf 85' lang='lat' dir='ltr'>plures</span> <span class='ocrx_word' id='word_1_78' title='bbox 796 1962 992 2032; x_wconf 83' lang='lat' dir='ltr'>&#39;enumerari</span> <span class='ocrx_word' id='word_1_79' title='bbox 1014 1979 1158 2058; x_wconf 79' lang='lat' dir='ltr'>possent</span> 
     </span>
     <span class='ocr_line' id='line_1_14' title="bbox 192 2059 1156 2188; baseline 0.002 -35"><span class='ocrx_word' id='word_1_80' title='bbox 192 2104 195 2112; x_wconf 87' lang='grc'><strong><em>·</em></strong></span> <span class='ocrx_word' id='word_1_81' title='bbox 234 2059 384 2179; x_wconf 61' lang='lat' dir='ltr'>specics}</span> <span class='ocrx_word' id='word_1_82' title='bbox 426 2101 459 2156; x_wconf 85' lang='lat' dir='ltr'>ct</span> <span class='ocrx_word' id='word_1_83' title='bbox 484 2084 642 2180; x_wconf 86' lang='lat' dir='ltr'>quamvis</span> <span class='ocrx_word' id='word_1_84' title='bbox 672 2081 842 2188; x_wconf 74' lang='lat' dir='ltr'>scriptura</span> <span class='ocrx_word' id='word_1_85' title='bbox 871 2067 1011 2154; x_wconf 83' lang='lat' dir='ltr'>romana</span> <span class='ocrx_word' id='word_1_86' title='bbox 1036 2085 1156 2155; x_wconf 85' lang='lat' dir='ltr'>Runas</span> 
     </span>
     <span class='ocr_line' id='line_1_15' title="bbox 184 2199 1155 2302; baseline 0.004 -28"><span class='ocrx_word' id='word_1_87' title='bbox 184 2215 187 2222; x_wconf 81' lang='grc'><em>’</em></span> <span class='ocrx_word' id='word_1_88' title='bbox 230 2206 407 2300; x_wconf 83' lang='lat' dir='ltr'>paullatim</span> <span class='ocrx_word' id='word_1_89' title='bbox 426 2205 578 2302; x_wconf 85' lang='lat' dir='ltr'>epatriis</span> <span class='ocrx_word' id='word_1_90' title='bbox 596 2199 733 2272; x_wconf 86' lang='lat' dir='ltr'>sedibus</span> <span class='ocrx_word' id='word_1_91' title='bbox 747 2204 906 2302; x_wconf 82' lang='lat' dir='ltr'>pelleret,</span> <span class='ocrx_word' id='word_1_92' title='bbox 932 2223 1155 2280; x_wconf 83' lang='lat' dir='ltr'>tamensem·</span> 
     </span>
     <span class='ocr_line' id='line_1_16' title="bbox 231 2322 1151 2424; baseline 0.008 -28"><span class='ocrx_word' id='word_1_93' title='bbox 231 2347 297 2424; x_wconf 87' lang='lat' dir='ltr'>per</span> <span class='ocrx_word' id='word_1_94' title='bbox 320 2322 428 2396; x_wconf 83' lang='lat' dir='ltr'>fuisse</span> <span class='ocrx_word' id='word_1_95' title='bbox 460 2327 591 2421; x_wconf 86' lang='lat' dir='ltr'>aliquos</span> <span class='ocrx_word' id='word_1_96' title='bbox 615 2328 736 2423; x_wconf 74' lang='lat' dir='ltr'>prisca</span> <span class='ocrx_word' id='word_1_97' title='bbox 767 2325 951 2401; x_wconf 69' lang='lat' dir='ltr'>literatura</span> <span class='ocrx_word' id='word_1_98' title='bbox 973 2329 1151 2403; x_wconf 80' lang='lat' dir='ltr'>studiosos</span> 
     </span>
     <span class='ocr_line' id='line_1_17' title="bbox 232 2444 1151 2547; baseline 0.008 -29"><span class='ocrx_word' id='word_1_99' title='bbox 232 2447 313 2520; x_wconf 87' lang='lat' dir='ltr'>inde</span> <span class='ocrx_word' id='word_1_100' title='bbox 337 2444 518 2547; x_wconf 86' lang='lat' dir='ltr'>probatur,</span> <span class='ocrx_word' id='word_1_101' title='bbox 547 2447 638 2543; x_wconf 89' lang='lat' dir='ltr'>quod</span> <span class='ocrx_word' id='word_1_102' title='bbox 662 2468 793 2521; x_wconf 81' lang='lat' dir='ltr'>exstant</span> <span class='ocrx_word' id='word_1_103' title='bbox 819 2449 927 2527; x_wconf 85' lang='lat' dir='ltr'>adhuc</span> <span class='ocrx_word' id='word_1_104' title='bbox 948 2453 986 2525; x_wconf 92' lang='lat' dir='ltr'>in</span> <span class='ocrx_word' id='word_1_105' title='bbox 1004 2457 1151 2526; x_wconf 82' lang='lat' dir='ltr'>Germa·</span> 
     </span>
     <span class='ocr_line' id='line_1_18' title="bbox 231 2569 1149 2673; baseline 0.004 -31"><span class='ocrx_word' id='word_1_106' title='bbox 231 2571 287 2642; x_wconf 87' lang='lat' dir='ltr'>nia</span> <span class='ocrx_word' id='word_1_107' title='bbox 315 2569 504 2644; x_wconf 84' lang='lat' dir='ltr'>calendaria</span> <span class='ocrx_word' id='word_1_108' title='bbox 528 2573 658 2641; x_wconf 80' lang='lat' dir='ltr'>Ru&#39;nicc</span> <span class='ocrx_word' id='word_1_109' title='bbox 675 2575 861 2673; x_wconf 82' lang='lat' dir='ltr'>perscripta</span> <span class='ocrx_word' id='word_1_110' title='bbox 879 2583 930 2662; x_wconf 85' lang='lat'>²),</span> <span class='ocrx_word' id='word_1_111' title='bbox 957 2591 993 2646; x_wconf 88' lang='lat' dir='ltr'>ut</span> <span class='ocrx_word' id='word_1_112' title='bbox 1013 2592 1149 2646; x_wconf 85' lang='lat' dir='ltr'>taccam</span> 
     </span>
     <span class='ocr_line' id='line_1_19' title="bbox 229 2670 1149 2793; baseline 0.005 -29"><span class='ocrx_word' id='word_1_113' title='bbox 229 2693 292 2785; x_wconf 76' lang='lat' dir='ltr'>alia</span> <span class='ocrx_word' id='word_1_114' title='bbox 308 2695 510 2772; x_wconf 22' lang='lat' dir='ltr'>levis-notae</span> <span class='ocrx_word' id='word_1_115' title='bbox 535 2715 777 2776; x_wconf 84' lang='lat' dir='ltr'>monumenta,</span> <span class='ocrx_word' id='word_1_116' title='bbox 799 2719 874 2793; x_wconf 81' lang='lat' dir='ltr'>quae</span> <span class='ocrx_word' id='word_1_117' title='bbox 896 2693 940 2768; x_wconf 82' lang='lat' dir='ltr'>dc</span> <span class='ocrx_word' id='word_1_118' title='bbox 962 2670 1149 2770; x_wconf 72' lang='lat' dir='ltr'>artificium</span> 
     </span>
    </p>

    <p class='ocr_par' dir='ltr' id='par_1_4' title="bbox 229 2798 1207 2920">
     <span class='ocr_line' id='line_1_20' title="bbox 229 2798 1207 2920; baseline 0.013 -36"><span class='ocrx_word' id='word_1_119' title='bbox 229 2836 263 2886; x_wconf 84' lang='lat' dir='ltr'>ct</span> <span class='ocrx_word' id='word_1_120' title='bbox 283 2818 429 2914; x_wconf 86' lang='lat' dir='ltr'>mystico</span> <span class='ocrx_word' id='word_1_121' title='bbox 446 2818 622 2886; x_wconf 87' lang='lat' dir='ltr'>Runarum</span> <span class='ocrx_word' id='word_1_122' title='bbox 639 2837 702 2888; x_wconf 91' lang='lat' dir='ltr'>usu</span> <span class='ocrx_word' id='word_1_123' title='bbox 718 2837 884 2893; x_wconf 83' lang='lat' dir='ltr'>testantur</span> <span class='ocrx_word' id='word_1_124' title='bbox 904 2820 949 2920; x_wconf 81' lang='lat'>³).</span> <span class='ocrx_word' id='word_1_125' title='bbox 1201 2798 1207 2810; x_wconf 48' lang='grc'>’</span> 
     </span>
    </p>
   </div>
   <div class='ocr_carea' id='block_1_4' title="bbox 227 2958 1147 3186">
    <p class='ocr_par' dir='ltr' id='par_1_5' title="bbox 227 2958 1147 3186">
     <span class='ocr_line' id='line_1_21' title="bbox 329 2958 1147 3060; baseline 0.009 -30"><span class='ocrx_word' id='word_1_126' title='bbox 329 2963 381 3030; x_wconf 89' lang='lat' dir='ltr'>Dc</span> <span class='ocrx_word' id='word_1_127' title='bbox 402 2958 683 3056; x_wconf 83' lang='lat' dir='ltr'>inscriptipnibus</span> <span class='ocrx_word' id='word_1_128' title='bbox 695 2962 1052 3049; x_wconf 70' lang='lat' dir='ltr'>slavonicuRunicis,</span> <span class='ocrx_word' id='word_1_129' title='bbox 1069 2987 1147 3060; x_wconf 77' lang='lat' dir='ltr'>quae</span> 
     </span>
     <span class='ocr_line' id='line_1_22' title="bbox 227 3074 1147 3186; baseline 0.014 -38"><span class='ocrx_word' id='word_1_130' title='bbox 227 3077 264 3148; x_wconf 91' lang='lat' dir='ltr'>in</span> <span class='ocrx_word' id='word_1_131' title='bbox 288 3074 390 3149; x_wconf 86' lang='lat' dir='ltr'>idolis</span> <span class='ocrx_word' id='word_1_132' title='bbox 414 3081 454 3152; x_wconf 83' lang='lat' dir='ltr'>ad</span> <span class='ocrx_word' id='word_1_133' title='bbox 486 3081 646 3155; x_wconf 85' lang='lat' dir='ltr'>Rbctram</span> <span class='ocrx_word' id='word_1_134' title='bbox 675 3101 830 3159; x_wconf 78' lang='lat' dir='ltr'>veterem</span> <span class='ocrx_word' id='word_1_135' title='bbox 854 3085 989 3167; x_wconf 83' lang='lat' dir='ltr'>effossis</span> <span class='ocrx_word' id='word_1_136' title='bbox 1010 3089 1147 3186; x_wconf 87' lang='lat' dir='ltr'>conspi-</span> 
     </span>
    </p>
   </div>
   <div class='ocr_carea' id='block_1_5' title="bbox 228 3331 496 3350">
    <p class='ocr_par' dir='ltr' id='par_1_6' title="bbox 228 3331 496 3350">
     <span class='ocr_line' id='line_1_23' title="bbox 228 3331 496 3350; baseline 0.007 -2"><span class='ocrx_word' id='word_1_137' title='bbox 228 3331 496 3350; x_wconf 59' lang='lat' dir='ltr'>m</span> 
     </span>
    </p>
   </div>
   <div class='ocr_carea' id='block_1_6' title="bbox 247 3501 1016 3662">
    <p class='ocr_par' dir='ltr' id='par_1_7' title="bbox 247 3501 1016 3662">
     <span class='ocr_line' id='line_1_24' title="bbox 249 3501 1016 3579; baseline 0.02 -20"><span class='ocrx_word' id='word_1_138' title='bbox 249 3501 280 3570; x_wconf 81' lang='lat'>¹)</span> <span class='ocrx_word' id='word_1_139' title='bbox 303 3503 430 3573; x_wconf 78' lang='lat' dir='ltr'>opuscul.</span> <span class='ocrx_word' id='word_1_140' title='bbox 453 3521 514 3576; x_wconf 76' lang='lat' dir='ltr'>pag.</span> <span class='ocrx_word' id='word_1_141' title='bbox 536 3521 600 3579; x_wconf 74' lang='lat'>509.</span> <span class='ocrx_word' id='word_1_142' title='bbox 640 3509 731 3570; x_wconf 72' lang='lat' dir='ltr'>conis.</span> <span class='ocrx_word' id='word_1_143' title='bbox 748 3511 861 3568; x_wconf 84' lang='lat' dir='ltr'>Gtitnm.</span> <span class='ocrx_word' id='word_1_144' title='bbox 883 3509 949 3572; x_wconf 82' lang='lat' dir='ltr'>Trb.</span> <span class='ocrx_word' id='word_1_145' title='bbox 968 3517 1016 3574; x_wconf 79' lang='lat'>11.</span> 
     </span>
     <span class='ocr_line' id='line_1_25' title="bbox 247 3593 606 3662; baseline 0.014 -13"><span class='ocrx_word' id='word_1_146' title='bbox 247 3593 276 3662; x_wconf 84' lang='lat'>¹)</span> <span class='ocrx_word' id='word_1_147' title='bbox 295 3599 369 3651; x_wconf 77' lang='lat' dir='ltr'>Grit.</span> <span class='ocrx_word' id='word_1_148' title='bbox 389 3597 497 3654; x_wconf 83' lang='lat' dir='ltr'>Idunna</span> <span class='ocrx_word' id='word_1_149' title='bbox 515 3603 606 3661; x_wconf 69' lang='lat' dir='ltr'>sera.</span> 
     </span>
    </p>
   </div>
   <div class='ocr_carea' id='block_1_7' title="bbox 128 3675 865 3782">
    <p class='ocr_par' dir='ltr' id='par_1_8' title="bbox 128 3675 865 3782">
     <span class='ocr_line' id='line_1_26' title="bbox 128 3675 865 3782; baseline 0.071 -74"><span class='ocrx_word' id='word_1_150' title='bbox 128 3691 136 3708; x_wconf 91' lang='lat'><strong>.</strong></span> <span class='ocrx_word' id='word_1_151' title='bbox 243 3682 276 3754; x_wconf 70' lang='lat' dir='ltr'>a)</span> <span class='ocrx_word' id='word_1_152' title='bbox 293 3675 357 3782; x_wconf 43' lang='grc' dir='ltr'>γῆς,</span> <span class='ocrx_word' id='word_1_153' title='bbox 375 3689 487 3756; x_wconf 70' lang='lat' dir='ltr'>ijmm.</span> <span class='ocrx_word' id='word_1_154' title='bbox 508 3695 569 3764; x_wconf 65' lang='lat' dir='ltr'>pag.</span> <span class='ocrx_word' id='word_1_155' title='bbox 594 3706 647 3752; x_wconf 88' lang='lat'>110</span> <span class='ocrx_word' id='word_1_156' title='bbox 663 3709 728 3766; x_wconf 80' lang='lat' dir='ltr'>seqq</span> <span class='ocrx_word' id='word_1_157' title='bbox 750 3695 776 3752; x_wconf 88' lang='lat' dir='ltr'>in</span> <span class='ocrx_word' id='word_1_158' title='bbox 793 3707 865 3778; x_wconf 79' lang='lat' dir='ltr'>nota.</span> 
     </span>
    </p>
   </div>
   <div class='ocr_carea' id='block_1_8' title="bbox 0 0 1240 4330">
    <p class='ocr_par' dir='ltr' id='par_1_9' title="bbox 0 0 1240 4330">
     <span class='ocr_line' id='line_1_27' title="bbox 0 0 1240 4330; baseline 0 6"><span class='ocrx_word' id='word_1_159' title='bbox 0 0 1240 4330; x_wconf 95' lang='lat' dir='ltr'> </span> 
     </span>
    </p>
   </div>
  </div>
 </body>
</html>
