2472 4330
878 215 980 369 rar

113 481 194 560 tiam
217 483 416 566 Runarum,
462 500 494 554 e.
518 500 553 575 g.
581 477 637 552 Ar
661 487 799 568 (annus)
824 489 854 558 Α
876 507 909 558 ar
931 489 1035 562 Naud

110 611 329 699 (necessitas)
349 609 408 688 N,
447 625 522 702 quac
546 597 843 704 hieroglyphicam
861 611 1032 704 originem

110 753 185 805 non
206 732 352 828 sapiunt.
490 707 494 716 ’

216 857 271 925 Sic
301 852 431 923 exstitit
463 862 613 949 systema
652 845 825 948 quoddam
855 851 1032 927 Runtrum

111 978 305 1070 magicum,
331 977 367 1046 in
390 993 595 1071 quaproter
612 973 725 1045 Runas
743 978 900 1068 vulgares
920 979 1031 1061 multi,

110 1099 153 1170 ab
173 1091 424 1195 antiquioribus
442 1092 533 1168 forre
556 1092 770 1194 temporibus
787 1092 951 1178 adhibiti,
977 1123 1032 1169 re.

112 1225 203 1320 cepti
226 1243 304 1292 sunt
329 1220 540 1291 characteres
566 1221 708 1312 magici,
750 1221 810 1317 qui
830 1241 923 1291 suam
941 1225 1032 1318 quis·

106 1355 179 1442 'que
199 1344 407 1437 singularem
426 1339 616 1416 habuerunt
633 1346 726 1430 vim3
763 1365 797 1414 er
816 1365 879 1441 pro
903 1345 963 1416 hac
981 1345 1031 1416 di·

110 1483 211 1538 versa
234 1461 381 1538 efficacia
409 1465 514 1536 Runa
543 1469 578 1536 in
608 1465 724 1562 piures
755 1469 884 1563 species
911 1465 1030 1540 divisa

102 1609 200 1672 cunr,
226 1608 371 1686 quarum
387 1587 541 1685 quadam
559 1609 804 1659 enumerantur
820 1591 856 1661 in
869 1587 963 1660 Edda
981 1601 1030 1680 1).
1061 1642 1064 1652 .

111 1710 280 1780 Ceterum
304 1729 379 1802 que
397 1711 541 1799 singuiis
566 1707 819 1782 characteribus
837 1705 944 1785 fuerit
965 1733 1030 1813 po.-

111 1847 214 1903 resras
247 1828 463 1921 ignoramus,
508 1847 585 1895 narn
609 1827 778 1932 prarerp
804 1839 940 1934 (bars),
991 1835 1030 1908 N

110 1945 263 2043 (Nouo),
296 1969 328 2020 et
344 1945 464 2036 (Tri),
497 1955 577 2018 non'
588 1948 743 2018 invenies
760 1971 873 2021 notata
890 1961 1030 2032 nomina

110 2073 309 2152 literarum,
349 2062 475 2168 quibus
500 2067 632 2161 singula
652 2063 815 2142 miracula
839 2069 1028 2150 efficieban-

109 2219 178 2272 tur.
243 2197 320 2268 Nec
343 2193 457 2265 solum
480 2189 708 2264 adhibuerunt
732 2193 881 2288 singulas
902 2197 1027 2282 literas,

110 2321 171 2391 sed
199 2323 300 2391 eriam
327 2334 433 2388 voces
459 2309 591 2386 Runice'
614 2319 750 2415 scripta
774 2315 896 2390 eodem
922 2323 1026 2398 modo

111 2463 277 2543 usurpata
299 2437 405 2513 fuisse
427 2435 600 2517 videmur.
667 2441 792 2512 Primis
811 2444 1025 2540 temporibus

109 2569 149 2640 ad
167 2589 265 2657 usum
281 2566 460 2658 magicum.
470 2555 719 2636 adhibebantur
731 2561 836 2634 Runa
850 2565 1025 2664 simplices

108 2689 277 2781 vulgares,
287 2687 345 2758 sed
355 2689 530 2784 paularim,
540 2687 641 2757 novis
649 2681 772 2755 additis
782 2685 945 2782 apicibus,
962 2695 1025 2762 im·
1043 2688 1046 2694 ’
1129 2670 1132 2675 ’

109 2830 245 2885 murare
261 2831 352 2882 sunt.
416 2789 595 2878 Interdum
622 2810 724 2878 eriam
742 2804 898 2905 pluribus
917 2812 1024 2890 Runis

108 2939 268 3009 inunum
286 2932 513 3004 characterem
530 2919 658 3022 junctis
665 2977 677 3011 ‚
702 2931 817 3026 quales
834 2931 913 3006 sunt
931 2939 1024 3032 sigla

108 3057 285 3126 Runarum
301 3055 503 3151 scriptoria,
533 3046 658 3148 quibus
674 3055 816 3146 integra
830 3061 930 3132 voces
944 3082 1032 3158 con·=

108 3179 311 3260 sinerentur,
332 3177 442 3270 magia
454 3177 583 3248 Runica
595 3171 835 3274 perficiebatur
853 3187 901 3270 ²).
944 3181 1020 3263 scd,

115 3333 385 3358 unu—dunu-

129 3422 160 3501 ¹)
175 3426 335 3488 brunhildae
354 3427 455 3499 ovida,
485 3438 534 3490 atra
558 3437 665 3506 ις-ῐ9,
682 3461 686 3466 -
705 3429 765 3489 Cir.
783 3430 845 3501 Joh.
865 3431 942 3491 Olav.
965 3430 1021 3486 Ru·

186 3521 276 3593 noiogt
294 3529 375 3585 mser.
395 3523 448 3580 snb
468 3521 558 3580 finem.

128 3606 162 3688 Ι)
174 3610 233 3668 cir.
249 3609 382 3682 brynialii
396 3614 525 3672 Smncnii
540 3613 627 3668 literas
641 3607 785 3692 ad'Wnrm.
821 3611 908 3681 Epist.
918 3607 1019 3670 Warnr·

188 3699 270 3768 Tota.
292 3705 332 3766 11.
353 3720 414 3779 pag.
439 3721 509 3774 1041
532 3715 607 3777 seqq.
633 3765 642 3774 „
