2468 4344
120 491 205 558 *nou
223 467 267 538 ita
286 466 550 562 intelligendum
569 470 832 562 essevolumus,
858 463 950 565 quasi
966 493 1046 556 cop·
1100 525 1103 534 .
1179 503 1191 524 ·

132 591 440 662 ‘tendamusllunae
456 610 600 681 nostras,
624 594 738 691 quales
757 611 849 669 nuuc
867 589 1044 676 habentur,

108 712 113 726 “
129 736 206 784 esse
223 714 337 786 literas
356 716 504 788 utmnino
526 715 732 812 primitivas,
758 736 838 787 mm
854 716 962 786 varias
978 739 1046 786 ste·

128 835 245 906 dimus
263 835 336 908 illas
353 835 498 908 subiisse
512 840 733 914 mutationes.
785 838 917 920 Etiam,
937 859 975 907 ut
992 859 1044 904 su·

127 981 190 1056 pra
209 961 421 1040 notavimus,
448 957 534 1030 adeo
553 981 636 1052 vaga
652 981 685 1029 et
704 962 835 1030 inceste
852 951 919 1031 fuit
933 960 1047 1032 litera·

126 1105 206 1152 rum
222 1084 482 1182 primitivarum
502 1082 609 1158 ratio,
650 1099 688 1148 ut
705 1081 764 1148 vix
786 1083 914 1176 sperari
933 1102 1045 1176 quest,

129 1203 204 1273 illas
223 1203 270 1272 'ad
296 1221 446 1272 nostram
477 1202 688 1272 memoriam
707 1201 901 1273 immutatas
925 1223 1047 1299 pesve·

126 1312 230 1396 uisse.
282 1323 405 1394 Nihilo
424 1344 536 1396 tamen
553 1325 684 1404 minus,
714 1325 801 1398 sivel
821 1315 1045 1400 admittamus

116 1465 168 1519 'ex
184 1448 326 1519 incertis
339 1435 517 1544 sc'ripturae
531 1447 640 1518 initiis
657 1445 791 1520 diversa
802 1471 872 1522 uno
885 1467 1042 1546 tempoae

123 1569 305 1645 defluxisse
321 1557 528 1667 alphabeta,
543 1569 685 1642 credere
704 1571 803 1651 licet,
844 1573 934 1643 ister
950 1573 1044 1642 vatis

123 1693 331 1765 succedente
363 1713 523 1790 tempore
567 1693 613 1765 ita
647 1689 824 1766 efformata
866 1692 1043 1794 alphabeta

123 1838 234 1887 unum
248 1787 305 1885 but
320 1813 466 1884 alterum
490 1810 639 1886 formam
655 1819 879 1910 originariam
892 1820 1042 1890 maxime

98 1933 275 2017 faelem,
303 1955 337 2006 et
353 1934 403 2005 sie
421 1955 491 2005 non
508 1935 620 2006 tolum
637 1933 726 2006 fumi
742 1961 816 2010 esse
830 1943 1042 2036 proximum,

121 2061 181 2144 aed
198 2063 299 2132 etiam
315 2037 426 2156 aliqua¹
442 2077 489 2128 ex
508 2077 605 2156 parte
624 2075 662 2127 ut
686 2055 903 2154 alphabetum
921 2061 1040 2154 primi·

121 2185 255 2262 tivu'm,
282 2202 324 2252 ex
339 2201 408 2277 quo
423 2201 540 2252 catera
556 2182 728 2272 originem
747 2179 897 2263 trahant,
932 2182 1042 2252 sunsi-
1157 2181 1158 2186 ’

123 2305 236 2378 derasi
249 2323 364 2402 posse.
408 2302 450 2372 Et
468 2303 537 2374 haec
548 2325 597 2372 est
607 2304 662 2374 illa
672 2306 917 2402 prerogativa,
936 2326 1059 2404 quam·
1103 2390 1107 2402 Ι

94 2443 97 2452 ·
119 2429 230 2506 Ruuis
246 2425 375 2499 nostris
393 2422 546 2498 tribuere
562 2426 731 2505 volumus.
784 2427 1037 2500 Contendimus

121 2575 205 2645 ergo
220 2546 438 2648 alphabetum
455 2550 627 2622 Runicum
645 2569 718 2619 essa
736 2548 821 2620 illud
838 2544 1039 2620 fundamen·

121 2699 215 2754 tum,
259 2671 300 2744 ad
328 2672 420 2768 quod
448 2674 756 2770 omnis‘acriptura
779 2663 961 2746 referenda
982 2671 1037 2751 sit,

122 2796 214 2875 aive,
243 2797 272 2864 si
290 2797 399 2864 mauis
413 2815 487 2865 rem
505 2799 551 2866 ite
567 2779 725 2892 exprimi,
751 2815 891 2888 gentem
908 2793 1038 2866 Gotho·

122 2918 317 2990 Caucasiam
337 2916 469 2997 literas,
500 2939 582 3013 quas
597 2920 710 2988 Runas
727 2916 954 3015 appellamus,
982 2915 1035 2988 in·

1 3067 2 3074 ¹
106 3043 279 3121 vaenisse,
300 3058 403 3134 atque
419 3063 459 3110 ex
471 3039 524 3110 his
543 3040 583 3110 ad
600 3041 677 3110 alias
693 3038 1035 3111 nationeslitemrum

121 3185 221 3236 usum
240 3185 309 3232 nun
329 3163 402 3232 sine
421 3185 541 3255 magna
556 3158 673 3273 ligure
687 3183 722 3234 et
738 3165 913 3262 potestatis
930 3181 1037 3232 muts·

22 3355 25 3364 λ
119 3289 213 3360 tione
231 3285 435 3358 dimanatse.
490 3349 493 3364 ‚

137 3519 140 3526 ,
221 3430 284 3501 Sed
310 3427 510 3530 priusquam
536 3428 621 3504 banc
647 3428 867 3502 assertionem
890 3423 1033 3516 ulterius

119 3555 378 3658 P‘fllqulmuts
402 3545 638 3656 reapouul'ue
656 3553 805 3632 videtur,
830 3569 866 3620 ut
879 3565 983 3645 pausa
997 3547 1033 3620 in
