2472 4330
212 201 214 208 ’
276 205 367 282 1Ίο

215 411 266 483 rui
284 405 429 500 vestigia
447 405 482 480 in
502 405 734 480 monumentis
750 405 897 503 reliquit.
949 409 1030 496 Quo
1044 425 1131 480 tem·

214 551 301 632 pore
320 553 376 604 not
393 555 454 630 per
469 554 571 626 quem
582 537 686 604 Runa
706 532 741 602 in
754 529 1009 604 scandinaviam
1023 531 1138 602 intro-⁴

218 651 328 727 durrae
342 655 423 734 sins,
450 653 553 725 credo
569 676 641 726 esse
658 655 880 749 qoaestionem
899 653 1048 724 historiar
1063 675 1130 750 ope

216 779 277 851 vix
301 773 513 849 solvendam.
577 775 668 848 Illud
692 765 808 847 tamen
832 797 896 876 pro
918 797 1013 846 certo
1029 771 1133 845 habe·

216 917 307 980 mus,
327 919 382 971 esc
398 897 547 972 aGothis
562 895 629 970 hue
645 899 759 996 primo
774 893 879 970 foisse
895 899 1019 979 allatos,
1039 896 1134 969 unde

163 1053 165 1058 ·
216 1041 335 1095 carum
365 1019 452 1120 epod
480 1045 542 1094 nos
568 1024 750 1119 antiquitas
771 1022 813 1092 ad
841 1042 1012 1120 ternpore,
1061 998 1132 1115 qno

217 1148 329 1244 prima
347 1153 492 1217 Aratum
511 1146 722 1238 immigrntio
737 1141 825 1218 freto
844 1167 915 1225 cst,
951 1139 1137 1219 referenda

218 1285 319 1338 esser.
383 1268 551 1337 Constans
575 1288 626 1337 est
650 1270 797 1339 narratio
819 1265 1066 1339 historicorum
1087 1269 1138 1338 Is·

217 1383 483 1482 lendicornm1)
511 1387 682 1462 Othiotrm
708 1389 821 1461 Runns
853 1411 968 1460 seeum
992 1390 1030 1458 in
1056 1407 1139 1483 sep-

133 1511 138 1520 '
219 1511 428 1584 tentriooem
447 1511 694 1606 introdusisse,
733 1532 767 1578 er
782 1531 860 1578 com
880 1507 965 1579 nihil
983 1510 1137 1578 sciamus

218 1632 281 1704 hac
299 1633 342 1704 de
357 1655 396 1704 re
413 1636 556 1711 certios,
597 1653 753 1728 compro
769 1650 850 1699 verr
870 1639 1059 1722 agnoscere
1078 1651 1139 1700 co·

217 1753 344 1844 gimor.
378 1751 471 1846 .er
483 1772 601 1821 nutem
621 1753 743 1823 volunt
763 1754 875 1822 nostri
888 1749 1044 1824 historici
1060 1753 1137 1849 plu·

218 1892 274 1945 res
289 1872 458 1942 exstitisse
478 1872 627 1976 Othinps
645 1881 692 1960 ²),
719 1875 779 1968 qui
798 1875 902 1945 variis
918 1870 1134 1970 temporibus

193 2017 195 2022 ·
219 1994 371 2078 colonios
385 1997 825 2094 secominseptemrionem
843 1996 1011 2069 duxerint.
1049 1999 1136 2092 Jore

195 2213 197 2218 Ι
220 2138 305 2210 ergo
328 2120 509 2212 queritur,
548 2122 603 2190 cni
624 2140 666 2190 ex
682 2117 735 2192 his
754 2115 937 2191 tribuenda
957 2118 1001 2190 sit
1024 2119 1138 2191 Runa·

221 2261 301 2312 rum
320 2237 549 2312 introductio·
616 2242 701 2314 Non
724 2249 888 2337 negamus
912 2260 1036 2316 verum
1060 2263 1136 2316 esse

217 2381 320 2460 posse
346 2361 462 2458 plures
491 2361 589 2435 vario
613 2383 767 2463 tempore
797 2367 832 2437 in
861 2367 1134 2463 septentrionem
1216 2387 1217 2468 p

219 2486 437 2579 immigrasse
458 2483 628 2572 Othinos3
663 2486 723 2558 sed
748 2510 816 2559 non
834 2491 991 2586 putemus
1015 2507 1135 2556 neces·
1216 2577 1217 2590 ἵ

131 2640 133 2644 ·
223 2609 352 2697 soriom
372 2607 555 2680 admittere
579 2608 664 2680 itanc
687 2609 730 2682 de
755 2609 962 2682 Othinoronr
987 2603 1135 2682 diversi·
1216 2597 1217 2648 3

170 2727 173 2730 ’
222 2745 291 2802 rote
306 2734 527 2812 sententiam,
564 2750 599 2801 et
614 2731 673 2802 vix
691 2733 867 2806 crederem
882 2732 1013 2831 priscos
1030 2731 1136 2804 Islcn·
1216 2757 1217 2760 ¹

221 2843 284 2924 dos
308 2854 373 2925 nisi
396 2851 440 2924 de
463 2872 533 2926 uno
559 2852 690 2928 Orhino
708 2857 892 2948 cogitasse,
931 2879 950 2928 o
974 2852 1072 2950 cujus
1097 2857 1136 2928 io

219 2977 491 3066 septentrionem
512 2973 660 3048 adventu
684 2975 827 3048 historio
851 2997 966 3049 nostro
995 2975 1134 3075 incipit.

221 3089 263 3164 Id
277 3112 390 3165 tutem
408 3115 486 3173 cum
507 3094 580 3166 eliis
598 3090 774 3170 veteribus
802 3094 1027 3199 scriptoribus
1042 3117 1135 3168 torn·
1216 3145 1217 3208 p

1216 3227 1217 3260 i

1216 3287 1217 3350 p

168 3427 171 3434 ’
240 3428 271 3506 ⁸)
296 3433 494 3508 Heims'kringlr
513 3435 591 3510 ingl.
618 3443 646 3496 S.
669 3451 730 3508 cop.
752 3437 779 3497 6.
801 3451 828 3511 7.
849 3431 938 3494 confr.
965 3434 1046 3497 Torf.
1072 3437 1132 3500 Ser.

298 3527 347 3585 rib.
367 3529 407 3590 11.
427 3545 482 3600 cop.
504 3545 530 3596 4.
556 3529 672 3586 Boethol.
691 3531 830 3600 Antiquit.
854 3529 922 3593 libn
944 3531 1000 3591 111.
1027 3539 1082 3603 cop·
1105 3541 1132 3598 3·

175 3694 179 3699 ι
239 3617 273 3688 ⁸)
291 3621 333 3675 Dr
350 3620 453 3677 Othino
469 3619 561 3694 plores
579 3619 710 3708 habentur
728 3621 960 3684 dissertorionesc
982 3623 1131 3699 Londbled.
