2468 4344
913 243 942 324 3

88 445 252 541 origines.
280 443 483 544 cuprinam
500 444 793 547 propagationem,
817 461 919 546 atque
933 465 1005 524 ran·

88 567 169 644 dem
193 566 289 646 varis
313 567 404 668 apud
428 578 552 663 genter
572 568 854 671 septentrionales
874 563 943 644 fata
964 592 1005 644 ac

87 691 348 777 vicissitudines
360 691 535 770 ,sistamus
556 753 562 768 .

187 811 378 890 Methodus
406 837 513 899 vcro,
557 837 664 913 quam
684 813 927 890 inscribendo
952 837 1007 892 ss·

87 938 252 1064 quimus,
317 938 384 1012 erit
420 961 614 1032 magnam
629 957 764 1036 partem
803 937 1008 1044 dogmatico
1079 1007 1082 1014 Δ

85 1065 181 1138 Nam
198 1033 283 1138 iicet
304 1055 402 1133 fere
397 1083 546 1158 semper
558 1057 660 1129 cietur
677 1059 836 1139 occasio,
865 1063 1011 1136 aliorum
1099 1063 1101 1067 ’

84 1184 275 1260 sententias
294 1175 419 1254 afferre
433 1199 473 1252 et
495 1181 708 1264 comminare,
756 1199 871 1256 samen
893 1187 1012 1284 operit

85 1307 178 1382 ratio
197 1297 366 1404 impedis,
386 1302 581 1400 *quominus
595 1304 759 1388 aliorum,
785 1327 850 1378 noc
867 1307 1010 1382 iliorum

88 1427 255 1527 quidem,
293 1425 356 1524 qui
380 1423 468 1498 hanc
493 1427 719 1522 questionem
740 1447 838 1501 ames
854 1429 1013 1505 sollerter

87 1577 126 1628 ac
139 1552 247 1628 ,docte
263 1549 558 1650 persecutisunt,
596 1550 783 1622 sentcntiae
805 1551 918 1646 longis
935 1577 1012 1625 am·
1080 1555 1082 1560 ’

88 1673 470 1776 bugibrserponmsus,
498 1676 787 1784 sermocinetur
802 1669 1009 1761 refutemus,

89 1817 148 1873 aut
163 1800 266 1874 novis
280 1799 494 1894 argumentis
511 1794 705 1874 fulciamus.

189 1921 305 1998 Placet
319 1941 434 2010 trmcn
450 1921 630 1996 nominare
644 1941 828 2018 sequentes
842 1943 1010 2008 auctores,

91 2045 154 2142 qui
177 2042 222 2118 dc
247 2045 356 2119 Runis
378 2041 563 2144 separatim
584 2043 772 2140 scripsere,
810 2063 845 2115 er
867 2049 1012 2142 quasin

91 2182 292 2265 posterum,
314 2164 535 2267 prourdatur
551 2166 702 2270 occasio,
727 2162 952 2258 laudabimus.

197 2284 331 2358 Primos
366 2283 460 2355 ducit
489 2290 545 2360 vir
576 2313 721 2384 magnus
752 2291 797 2361 Ο.
823 2290 1013 2376 wormius,

40 2499 48 2518 Ι
95 2409 158 2508 qui
188 2407 326 2507 scripsit
351 2408 578 2480 Litcraturam
602 2413 839 2510 ¹Runicam1),
884 2415 1015 2507 inqua

72 2582 76 2596 „
96 2525 206 2605 muita
223 2529 324 2604 docte
341 2528 386 2602 de
401 2531 509 2601 Runis
523 2528 729 2628 disputavit3
761 2532 821 2601 sed
837 2555 901 2628 pro
919 2527 1017 2608 more

96 2655 208 2730 seculi
229 2653 360 2750 majore
377 2676 465 2752 sepe
490 2641 740 2724 cum'doctrins
764 2672 866 2747 quam
884 2651 1017 2750 judicio

98 2800 155 2854 rsa
178 2773 349 2850 abstrusas
374 2791 604 2874 perscrutatur
630 2797 692 2848 ess.
744 2779 894 2848 Praeter
918 2775 1018 2849 illum

100 2923 209 3002 quem
227 2901 308 2998 ipse
327 2899 441 2970 attulit
469 2897 633 2972 doctrinas
654 2919 868 2998 apparatum,
914 2902 1018 2972 etiam

101 3005 211 3096 multa
232 3046 251 3094 a
274 3020 382 3094 doctis
397 3023 450 3094 sui
474 3023 641 3119 temporis
666 3021 830 3103 blandis,
868 3041 954 3120 quos
968 3025 1019 3095 di·

103 3147 255 3241 ligenter
278 3145 467 3228 consuluit,
504 3143 641 3245 hausit,
688 3143 779 3219 unde
804 3168 873 3220 non
896 3169 1019 3247 parum
1083 3207 1086 3210 .

103 3271 210 3370 pretii
225 3266 314 3344 libro
331 3269 423 3348 illius
439 3265 577 3346 accedit.
621 3329 625 3340 .

129 3577 162 3652 ¹)
181 3581 266 3637 Prima
289 3581 374 3641 editio
398 3565 498 3658 prodiit
518 3582 624 3642 Htvnias
652 3596 726 3656 1734
752 3579 780 3638 in
806 3597 866 3654 tto.
920 3579 1021 3638 Iterum
1085 3601 1087 3606 ·

187 3685 281 3730 recusa
296 3687 336 3730 esc
351 3674 379 3730 in
398 3675 581 3736 Monumentis
598 3675 719 3736 Danicis.

690 3769 827 3888 ‘Aa
