2472 4330
881 235 947 322 77

84 451 151 528 da.
208 453 479 530 Nomiuavimua
506 469 607 545 rupto
631 448 810 540 regionem
838 448 1007 523 Sindicam

84 597 257 673 tanquam
299 574 571 670 antiquirtitntm
611 570 808 646 Gothorum
856 574 1007 667 patriam.

82 699 189 772 Hinc
207 718 290 788 ergo
309 717 388 770 curu
405 696 529 770 Gothis
544 678 588 766 ad
604 697 686 769 alias
702 715 822 788 genter
839 695 921 766 exiit
938 693 1011 769 litet

81 842 213 896 rarum
235 841 327 890 utor.
389 819 431 890 Et
450 815 740 916 quemadmodum
758 819 827 914 jam
846 814 887 890 ab
910 817 1012 894 initio

85 942 204 1018 Gothi
229 943 265 1016 iu
291 941 373 1014 duat
395 944 600 1039 propagines
623 943 806 1014 Asiaticam
831 963 954 1036 nempe
976 961 1011 1010 at

83 1069 299 1164 Europoeam
325 1062 429 1137 diviti
457 1084 556 1144 tunt,
585 1065 639 1133 ita
667 1063 767 1130 etiam
792 1061 827 1130 in
853 1083 1012 1156 propaga·

86 1191 194 1260 aione
224 1191 402 1260 Ruoarum
436 1182 585 1256 discerni
612 1180 739 1256 debent
769 1181 843 1252 dua
876 1177 1014 1254 familiar

90 1311 174 1382 aive
191 1306 361 1407 alphabeti
378 1308 501 1378 Runici
525 1327 669 1400 genera,
692 1305 857 1377 orientale
873 1326 906 1377 et
925 1306 1015 1378 occi.

90 1432 243 1508 dentale.
308 1429 502 1536 Orientalet
525 1431 639 1500 liunus
665 1429 872 1526 appellamur
897 1429 1012 1502 literas

91 1554 438 1637 Gotho-Caucasias,
476 1551 570 1626 unde
593 1553 710 1623 omnia
735 1554 846 1650 prisca
871 1553 1038 1624 orientia·

91 1667 274 1772 alphabeta
293 1697 409 1748 ortum
429 1672 568 1750 habent.
620 1675 871 1764 Occidentalet
897 1671 1015 1746 contra

94 1803 216 1872 Runtc
241 1796 387 1868 dicimur
413 1797 544 1878 literas,
584 1821 658 1895 quae
683 1821 764 1872 cunt
796 1798 921 1876 Gothia
952 1821 1014 1895 per·
1111 1823 1116 1832 ¹

95 1919 288 1993 Thraciam
329 1919 552 1990 Germaniam
587 1937 621 1985 et
656 1919 911 1991 scandinaviam
949 1921 1015 1993 dir·

99 2044 275 2116 sentinata
299 2058 411 2121 tunt„
449 2043 516 2114 Ha
545 2059 685 2137 quoque
709 2057 789 2108 tunt
808 2039 873 2126 illa
890 2040 1012 2124 litero,

102 2188 179 2262 quo
198 2186 300 2238 rento
317 2161 535 2236 strictiatimo
546 2165 658 2248 ¹Ronae
678 2163 794 2236 vocari
812 2157 963 2258 deberat.¹

508 2392 541 2474 i·
569 2409 626 2474 aa·

207 2534 392 2628 Postquam
406 2532 443 2604 in
459 2533 592 2603 oriente
607 2529 787 2627 propagari
803 2533 901 2626 capit
913 2531 1020 2627 scrip·

105 2674 183 2725 tura
205 2655 355 2734 Runica,
395 2642 504 2727 v‘atiaa
525 2651 687 2753 paulatim
700 2671 772 2750 ‘pro
799 2652 869 2736 celi
887 2671 921 2722 et
939 2677 1021 2744 gen·

108 2775 198 2847 tium
213 2793 329 2845 natura
345 2773 450 2850 subiit
468 2779 673 2849 mutationes
683 2821 693 2856 ,
729 2773 935 2873 usquedum
953 2760 1022 2848 tan·

108 2896 190 2969 dem
207 2897 391 2995 pristinum
404 2896 557 2972 habiturn
573 2901 673 2997 plane
687 2897 899 2988 admitterem
925 2901 1021 2972 inve·
1050 2931 1052 2936 ·

108 3022 226 3098 uitnut
247 3021 341 3093 enim
357 3045 426 3094 non
442 3020 554 3101 tolum
578 3043 685 3094 novas
701 3022 830 3094 additae
846 3045 883 3092 ac
898 3045 1022 3122 cuppo-
1127 3075 1129 3082 -

110 3146 193 3217 citat
209 3140 317 3216 fuisse
333 3145 509 3217 literarum
533 3139 678 3226 formas,
702 3145 762 3218 ted
784 3163 916 3218 vetusta
941 3170 1023 3243 quo·

1 3319 2 3348 r
109 3291 178 3364 quc
201 3269 377 3365 literarum
401 3265 509 3362 figura
535 3288 570 3339 et
596 3251 724 3338 nomen
750 3268 834 3340 adeo
861 3263 1023 3340 transfor·

112 3410 201 3458 mata
224 3390 320 3475 tunt,
347 3409 385 3464 ut
411 3394 510 3483 origo
535 3387 664 3462 Runica
687 3390 873 3473 literarum,
898 3413 961 3464 nec
987 3393 1023 3461 in

102 3510 357 3608 antiquissimis
375 3513 517 3614 quidem
537 3504 626 3586 Atia
655 3510 861 3613 alphabetis,
895 3513 954 3586 via
971 3534 1026 3602 ag·

113 3631 212 3712 nosci
232 3651 342 3730 queat.
404 3639 504 3715 Hanc
521 3659 625 3740 quam
641 3639 679 3718 in
690 3638 830 3738 oriente
843 3629 1018 3707 cobierunt
