2468 4344
270 164 334 248 40

213 364 316 440 initio
338 359 527 470 habuerunt
549 355 764 460 alphabetum
787 359 924 459 sliquod
951 357 1017 434 slbi
1038 383 1130 457 pro·

212 487 339 587 prium,
360 488 425 559 hoe
443 489 479 558 in
496 489 737 568 monumentis,
761 509 835 582 quar
847 485 954 558 adhuc
971 500 1129 564 exstant,

214 611 360 684 Persicis
374 611 585 706 primitivam
601 595 748 682 formam
762 607 951 706 perdidisse
968 605 1134 680 videtur.

214 736 258 806 In
293 729 346 803 his
377 752 541 828 preterea
574 727 686 802 forme
719 734 895 803 literarum
920 731 1134 829 plerumque

216 856 421 933 coniurent,
440 877 514 954 qua
525 879 660 954 semper
669 853 711 928 ab
728 857 912 946 originaria
927 854 1010 926 adeo
1020 854 1135 942 longe

49 974 54 989 “
168 989 171 994 “
215 975 366 1061 recedit,
389 996 427 1050 ut
450 978 570 1052 ductus
590 980 746 1079 primarii
765 974 949 1052 difficulter
969 976 1134 1070 dignosci

155 1173 160 1188 ,
217 1121 355 1200 queant.
387 1106 519 1196 =Jovat
552 1125 688 1187 tamen,
729 1124 767 1174 ut
793 1099 980 1203 perfectior
1006 1098 1136 1172 evadat

217 1221 447 1318 comparatio,
482 1244 602 1295 notare
624 1245 806 1318 sequentes
828 1227 944 1296 literas
968 1247 1009 1294 ex
1032 1238 1138 1292 vete·

136 1405 146 1420 ,
217 1339 500 1418 tibusPersatum
512 1340 713 1446 alphabetis,
731 1341 1055 1418 ceuRunissirniles
1074 1350 1141 1430 ¹)a
1225 1411 1226 1416 ι

322 2351 389 2426 Sed
404 2326 526 2450 preter
544 2351 722 2444 vulgarem
744 2355 828 2424 hane
855 2356 1057 2454 scripturam
1079 2351 1132 2424 ln·

221 2477 408 2550 veniuntur
429 2478 532 2548 etiam
551 2473 639 2572 apud
668 2478 787 2574 Persas
808 2481 843 2546 et
870 2480 1030 2575 Assyrios
1056 2499 1133 2548 mo-

222 2621 398 2678 mumenta
418 2600 527 2670 literis
552 2593 754 2688 quibusdam
776 2598 922 2690 ignotis,
949 2625 1030 2697 quas
1051 2603 1131 2671 Per·
1166 2595 1169 2602 ’

223 2728 424 2822 sepnlitrnss
437 2721 509 2789 sive
527 2711 754 2791 cuneiformes
773 2721 959 2818 appellant,
988 2725 1131 2820 inscrip-

223 2868 268 2918 ta.
318 2845 359 2914 ln
378 2843 438 2912 hac
462 2829 628 2938 scriptura
651 2863 835 2914 cernuntur
859 2847 970 2918 omnis
994 2846 1130 2940 generis
1161 2839 1165 2848 '

223 2968 399 3038 literatum
414 2963 556 3043 duetus,
583 2965 628 3034 ita
646 2985 694 3044 ot,
720 2966 749 3034 si
766 2965 1026 3062 colligerentur,
1051 2968 1129 3063 plus

224 3107 362 3158 centum
381 3085 540 3184 darentur
560 3085 785 3170 characteres,
825 3090 916 3162 unde
933 3083 1032 3161 facile
1053 3083 1130 3164 fieti

223 3209 351 3308 potuit,
384 3228 426 3279 ur
454 3231 532 3280 cum
560 3211 685 3291 Ruris,
720 3233 794 3308 quae
819 3211 940 3284 itidem
964 3233 1005 3282 ex
1026 3211 1131 3281 rectis

244 3405 274 3476 ¹)
305 3409 367 3468 Vid.
397 3407 473 3462 Wahl
495 3409 650 3478 allgemeine
675 3407 835 3468 Gesuhiohte
868 3411 914 3466 der
947 3409 1129 3482 morgenlind.

301 3493 411 3570 Sprrch.
431 3495 500 3559 Tab.
520 3515 545 3564 ς.
587 3499 647 3554 cfr.
674 3495 802 3571 Sioborgi
824 3502 933 3558 Dissert.
957 3506 1051 3560 ther·
1077 3506 1129 3560 Go-

301 3590 378 3646 rhicst
397 3590 431 3650 ab
448 3590 512 3646 Atia
531 3589 658 3648 oriunda.
679 3607 758 3662 pagg.
780 3593 890 3668 2647,
955 3668 958 3674 Ι
