2472 4330
87 496 190 552 mune
211 477 339 550 habent
358 475 485 555 nostri,
524 491 561 547 ιιι
584 489 739 576 tempora
761 483 996 565 remotissima,

85 623 236 699 quorum
251 581 342 672 nulle
357 597 448 697 opud
463 616 618 696 posteros
635 622 765 674 servata
779 625 853 678 erat,
869 619 997 676 memo·

1 730 2 733 ’
85 728 161 806 ria,
200 743 280 794 cum
306 715 556 820 posterioribus
574 725 618 795 itu
642 721 818 817 jungam
841 747 879 796 ut
896 731 1001 802 eonti-

85 870 192 922 norm
217 867 332 920 retum
359 861 534 940 gesturum
559 849 684 919 seriem
705 871 841 920 narrare
865 847 1002 920 videan-

30 1023 34 1046 .
83 989 157 1048 tur.
219 973 274 1042 Sic
292 969 502 1043 eredendum
521 989 591 1050 est,
626 973 712 1043 sivel
729 971 868 1042 historia
885 981 1002 1045 reruni

88 1094 411 1190 septentrionalium
425 1092 466 1162 ab
478 1091 609 1164 Othino
626 1094 776 1191 incipiat,
802 1115 915 1166 tamen
932 1095 1003 1193 plu·

88 1203 217 1298 rimam
245 1239 328 1314 quus
345 1212 510 1287 habemus
527 1213 687 1289 derebus
704 1216 791 1313 apud
810 1240 871 1288 nos
888 1221 1004 1311 gestis,

88 1337 272 1412 relationes
288 1342 456 1438 respicere
470 1359 624 1436 tempora
641 1341 896 1432 immigmtione
908 1341 1005 1414 Orbi·
1073 1355 1075 1362 ’

88 1465 126 1535 ni
142 1463 245 1556 longe
260 1463 472 1563 posteriora,
507 1482 539 1531 et
559 1464 607 1532 sic
625 1463 660 1533 in
676 1464 868 1534 nutatione
885 1463 1007 1533 multo·

87 1609 167 1660 rum
190 1587 386 1661 seculorum
410 1608 484 1658 esse
500 1564 641 1657 lrittum.
707 1585 793 1654 Rem
813 1585 898 1657 mihi
918 1585 1006 1657 scili·

93 1730 147 1778 cet
163 1711 209 1779 ita
225 1705 299 1780 lere
315 1686 533 1805 represento.
586 1705 823 1806 Temporibus
841 1709 1006 1806 antiquis·

89 1829 206 1909 simis,
232 1849 306 1922 que
319 1829 361 1898 ad
379 1829 447 1898 duo
464 1830 582 1898 saltem
599 1852 677 1900 ante
695 1819 870 1905 Christum
886 1854 1005 1904 notum

89 1973 260 2024 annorum
279 1951 386 2023 millia
403 1959 607 2039 assurgunt,
638 1948 940 2023 Gotho-Caucasii
955 1979 1006 2024 re·

84 2077 230 2168 'giunem
258 2065 423 2170 quusjrm
437 2070 616 2147 incolunt,
652 2069 845 2140 Germanis
861 2091 893 2141 et
909 2074 1008 2144 Seru.
1096 2059 1098 2070 '

92 2195 433 2293 diaeoccuptveront.
478 2173 1008 2266 Hrautemnoncertumhabue'-

89 2340 172 2392 runt
187 2318 311 2390 ducem
328 2318 468 2389 nomine
487 2315 667 2395 Othinum,
692 2313 752 2386 sed
770 2313 896 2387 addicti
913 2323 1009 2391 erunt

89 2441 215 2518 formae
242 2441 381 2539 imperii
401 2463 444 2511 ac
462 2438 638 2532 religionis
662 2439 904 2514 uetustissimo
922 2443 1009 2512 Bud·
1035 2515 1037 2520 ,

93 2567 259 2650 daist'tcae,
291 2561 387 2658 cujus
404 2563 461 2635 illu
477 2582 547 2635 urat
564 2561 668 2641 ratio,
708 2581 745 2629 ut
762 2582 941 2660 supremus
959 2587 1009 2634 sus

88 2693 232 2762 'erorum
249 2691 411 2765 antistes,
449 2707 484 2758 er
501 2685 597 2781 quia
621 2679 805 2756 fundatore
828 2687 1009 2778 religionis
1115 2713 1121 2721 ·

93 2832 222 2885 nomen
233 2808 354 2879 Othini
369 2805 435 2878 sibi
450 2809 628 2905 imposuit,
649 2805 741 2878 idum
752 2823 957 2905 quoquetex
973 2813 1009 2882 ει

95 2937 285 3031 imperator
299 2928 529 3026 populiesset.
574 2928 652 3000 Tali
672 2933 894 3022 ergoOthioo
910 2933 1009 3018 duce,
1105 2929 1107 2936 ’

95 3057 220 3149 religio
242 3077 276 3125 et
295 3075 422 3124 nomen
439 3051 627 3125 Gothicum
652 3075 715 3151 per
738 3072 848 3124 totum
874 3076 1010 3154 septen·

94 3167 255 3259 trionem,
266 3155 484 3250 Germaniam
496 3177 637 3248 simulet
648 3176 914 3259 Scandinuviam,
930 3202 1009 3275 pro·

94 3319 214 3403 pagato
232 3319 330 3387 sunt3
369 3297 461 3386 etad
478 3299 567 3370 hune
585 3301 761 3370 Runatum'
775 3301 1010 3373 insctndinu·

94 3429 190 3496 virm
218 3422 514 3498 introductionem
543 3417 762 3494 referendum
795 3447 867 3494 erse
895 3443 1010 3494 cense-
1044 3465 1049 3472 -

96 3567 188 3644 mus.
239 3546 305 3619 Sed
320 3548 408 3619 ut‘in
425 3547 628 3617 universum
648 3544 689 3620 de
706 3544 809 3648 teitus
825 3545 859 3614 in
877 3549 1010 3640 septen·
1104 3609 1107 3616 .

7 3653 8 3658 ¹
97 3671 214 3745 trione
227 3662 271 3742 ab
296 3668 554 3762 intmigrrrione¹
566 3673 710 3745 Aratum
729 3690 836 3762 usque
856 3665 896 3740 td
913 3667 1010 3740 Chri·

344 3904 365 3982 l
