<?xml version="1.0" encoding="UTF-8"?>
<!DOCTYPE html PUBLIC "-//W3C//DTD XHTML 1.0 Transitional//EN"
    "http://www.w3.org/TR/xhtml1/DTD/xhtml1-transitional.dtd">
<html xmlns="http://www.w3.org/1999/xhtml" xml:lang="en" lang="en">
 <head>
  <title>
</title>
<meta http-equiv="Content-Type" content="text/html;charset=utf-8" />
  <meta name='ocr-system' content='tesseract 3.04.00' />
  <meta name='ocr-capabilities' content='ocr_page ocr_carea ocr_par ocr_line ocrx_word'/>
</head>
<body>
  <div class='ocr_page' id='page_1' title='image "./periculumrunolo00reppgoog_0105.png"; bbox 0 0 2472 4330; ppageno 0'>
   <div class='ocr_carea' id='block_1_1' title="bbox 292 253 358 342">
    <p class='ocr_par' dir='ltr' id='par_1_1' title="bbox 292 253 358 342">
     <span class='ocr_line' id='line_1_1' title="bbox 292 253 358 342; baseline 0 -13"><span class='ocrx_word' id='word_1_1' title='bbox 292 253 358 342; x_wconf 71' lang='lat'>92</span> 
     </span>
    </p>
   </div>
   <div class='ocr_carea' id='block_1_2' title="bbox 227 445 1209 1293">
    <p class='ocr_par' dir='ltr' id='par_1_2' title="bbox 227 445 1209 1293">
     <span class='ocr_line' id='line_1_2' title="bbox 228 445 1142 552; baseline -0.004 -22"><span class='ocrx_word' id='word_1_2' title='bbox 228 471 392 550; x_wconf 79' lang='lat' dir='ltr'>Deorum</span> <span class='ocrx_word' id='word_1_3' title='bbox 409 449 541 528; x_wconf 74' lang='lat' dir='ltr'>format</span> <span class='ocrx_word' id='word_1_4' title='bbox 568 445 675 552; x_wconf 73' lang='lat' dir='ltr'>fuitne</span> <span class='ocrx_word' id='word_1_5' title='bbox 692 449 972 532; x_wconf 79' lang='lat' dir='ltr'>accommodatae.</span> <span class='ocrx_word' id='word_1_6' title='bbox 1035 455 1142 526; x_wconf 72' lang='lat' dir='ltr'>Cete-</span> 
     </span>
     <span class='ocr_line' id='line_1_3' title="bbox 227 574 1138 676; baseline -0.01 -22"><span class='ocrx_word' id='word_1_7' title='bbox 227 605 308 656; x_wconf 87' lang='lat' dir='ltr'>rum</span> <span class='ocrx_word' id='word_1_8' title='bbox 335 582 385 653; x_wconf 85' lang='lat' dir='ltr'>hta</span> <span class='ocrx_word' id='word_1_9' title='bbox 407 579 518 651; x_wconf 78' lang='lat' dir='ltr'>rDiie</span> <span class='ocrx_word' id='word_1_10' title='bbox 540 579 656 676; x_wconf 75' lang='lat' dir='ltr'>petitu</span> <span class='ocrx_word' id='word_1_11' title='bbox 677 577 856 650; x_wconf 83' lang='lat' dir='ltr'>literatum</span> <span class='ocrx_word' id='word_1_12' title='bbox 879 574 1138 674; x_wconf 71' lang='lat' dir='ltr'>appellationes,</span> 
     </span>
     <span class='ocr_line' id='line_1_4' title="bbox 228 697 1141 798; baseline -0.01 -21"><span class='ocrx_word' id='word_1_13' title='bbox 228 728 299 777; x_wconf 91' lang='lat' dir='ltr'>non</span> <span class='ocrx_word' id='word_1_14' title='bbox 321 723 399 776; x_wconf 81' lang='lat' dir='ltr'>sunt</span> <span class='ocrx_word' id='word_1_15' title='bbox 419 700 685 798; x_wconf 68' lang='lat' dir='ltr'>hieroglyphice</span> <span class='ocrx_word' id='word_1_16' title='bbox 710 701 877 791; x_wconf 74' lang='lat' dir='ltr'>originis,</span> <span class='ocrx_word' id='word_1_17' title='bbox 903 697 1141 796; x_wconf 71' lang='lat' dir='ltr'>ted&#39;quemtd·</span> 
     </span>
     <span class='ocr_line' id='line_1_5' title="bbox 228 823 1142 918; baseline -0.008 -19"><span class='ocrx_word' id='word_1_18' title='bbox 228 825 371 899; x_wconf 86' lang='lat' dir='ltr'>modum</span> <span class='ocrx_word' id='word_1_19' title='bbox 389 823 490 894; x_wconf 85' lang='lat' dir='ltr'>etiarn</span> <span class='ocrx_word' id='word_1_20' title='bbox 507 823 562 892; x_wconf 88' lang='lat' dir='ltr'>illa</span> <span class='ocrx_word' id='word_1_21' title='bbox 581 841 697 892; x_wconf 87' lang='lat' dir='ltr'>earum</span> <span class='ocrx_word' id='word_1_22' title='bbox 712 824 862 902; x_wconf 82' lang='lat' dir='ltr'>nornine,</span> <span class='ocrx_word' id='word_1_23' title='bbox 877 844 952 918; x_wconf 76' lang='lat' dir='ltr'>que</span> <span class='ocrx_word' id='word_1_24' title='bbox 965 823 1142 894; x_wconf 89' lang='lat' dir='ltr'>notionem</span> 
     </span>
     <span class='ocr_line' id='line_1_6' title="bbox 228 943 1144 1044; baseline -0.008 -24"><span class='ocrx_word' id='word_1_25' title='bbox 228 951 374 1044; x_wconf 88' lang='lat' dir='ltr'>aliquam</span> <span class='ocrx_word' id='word_1_26' title='bbox 392 947 657 1019; x_wconf 75' lang='lat' dir='ltr'>intellectualem</span> <span class='ocrx_word' id='word_1_27' title='bbox 676 943 855 1026; x_wconf 77' lang='lat' dir='ltr'>denotent,</span> <span class='ocrx_word' id='word_1_28' title='bbox 891 964 931 1017; x_wconf 88' lang='lat' dir='ltr'>ut</span> <span class='ocrx_word' id='word_1_29' title='bbox 949 965 1047 1020; x_wconf 86' lang='lat' dir='ltr'>aunt:</span> <span class='ocrx_word' id='word_1_30' title='bbox 1091 944 1144 1025; x_wconf 74' lang='lat' dir='ltr'>br,</span> 
     </span>
     <span class='ocr_line' id='line_1_7' title="bbox 228 1068 1209 1168; baseline -0.006 -25"><span class='ocrx_word' id='word_1_31' title='bbox 228 1077 418 1160; x_wconf 59' lang='lat' dir='ltr'>annuum),</span> <span class='ocrx_word' id='word_1_32' title='bbox 439 1090 473 1143; x_wconf 87' lang='lat' dir='ltr'>et</span> <span class='ocrx_word' id='word_1_33' title='bbox 485 1068 586 1153; x_wconf 80' lang='lat' dir='ltr'>nauel,</span> <span class='ocrx_word' id='word_1_34' title='bbox 604 1071 863 1157; x_wconf 80' lang='lat' dir='ltr'>neeettitot(o)‚</span> <span class='ocrx_word' id='word_1_35' title='bbox 888 1089 930 1140; x_wconf 83' lang='lat' dir='ltr'>ex</span> <span class='ocrx_word' id='word_1_36' title='bbox 949 1089 1013 1140; x_wconf 85' lang='lat' dir='ltr'>utu</span> <span class='ocrx_word' id='word_1_37' title='bbox 1029 1070 1145 1140; x_wconf 87' lang='lat' dir='ltr'>Runa·</span> <span class='ocrx_word' id='word_1_38' title='bbox 1208 1109 1209 1168; x_wconf 46' lang='lat' dir='ltr'>p</span> 
     </span>
     <span class='ocr_line' id='line_1_8' title="bbox 228 1189 1120 1293; baseline -0.007 -23"><span class='ocrx_word' id='word_1_39' title='bbox 228 1219 308 1270; x_wconf 82' lang='lat' dir='ltr'>rum</span> <span class='ocrx_word' id='word_1_40' title='bbox 336 1195 484 1289; x_wconf 86' lang='lat' dir='ltr'>myatieo</span> <span class='ocrx_word' id='word_1_41' title='bbox 497 1216 531 1265; x_wconf 91' lang='lat' dir='ltr'>et</span> <span class='ocrx_word' id='word_1_42' title='bbox 550 1197 685 1288; x_wconf 77' lang='lat' dir='ltr'>magico</span> <span class='ocrx_word' id='word_1_43' title='bbox 701 1194 863 1293; x_wconf 74' lang='lat' dir='ltr'>explicati</span> <span class='ocrx_word' id='word_1_44' title='bbox 879 1189 1021 1267; x_wconf 83' lang='lat' dir='ltr'>debent.</span> <span class='ocrx_word' id='word_1_45' title='bbox 1058 1243 1060 1250; x_wconf 71' lang='lat'><em>,</em></span> <span class='ocrx_word' id='word_1_46' title='bbox 1117 1193 1120 1200; x_wconf 76' lang='grc'><strong>“</strong></span> 
     </span>
    </p>
   </div>
   <div class='ocr_carea' id='block_1_3' title="bbox 185 1355 1212 3206">
    <p class='ocr_par' dir='ltr' id='par_1_3' title="bbox 229 1355 1212 2201">
     <span class='ocr_line' id='line_1_9' title="bbox 329 1355 1148 1480; baseline -0.002 -26"><span class='ocrx_word' id='word_1_47' title='bbox 329 1381 437 1456; x_wconf 84' lang='lat' dir='ltr'>Venit</span> <span class='ocrx_word' id='word_1_48' title='bbox 462 1382 643 1480; x_wconf 86' lang='lat' dir='ltr'>tliqutntlo</span> <span class='ocrx_word' id='word_1_49' title='bbox 665 1386 700 1454; x_wconf 92' lang='lat' dir='ltr'>in</span> <span class='ocrx_word' id='word_1_50' title='bbox 732 1399 886 1456; x_wconf 83' lang='lat' dir='ltr'>mentem</span> <span class='ocrx_word' id='word_1_51' title='bbox 909 1405 952 1454; x_wconf 87' lang='lat' dir='ltr'>ex</span> <span class='ocrx_word' id='word_1_52' title='bbox 971 1355 1148 1477; x_wconf 81' lang='lat' dir='ltr'>hierogly-</span> 
     </span>
     <span class='ocr_line' id='line_1_10' title="bbox 229 1503 1145 1608; baseline -0.011 -29"><span class='ocrx_word' id='word_1_53' title='bbox 229 1506 340 1608; x_wconf 86' lang='lat' dir='ltr'>phieia</span> <span class='ocrx_word' id='word_1_54' title='bbox 369 1510 544 1579; x_wconf 88' lang='lat' dir='ltr'>Runatum</span> <span class='ocrx_word' id='word_1_55' title='bbox 575 1503 858 1602; x_wconf 69' lang='lat' dir='ltr'>appellationibus</span> <span class='ocrx_word' id='word_1_56' title='bbox 893 1504 1055 1595; x_wconf 80' lang='lat' dir='ltr'>colligere</span> <span class='ocrx_word' id='word_1_57' title='bbox 1085 1503 1145 1574; x_wconf 68' lang='lat' dir='ltr'>eli.</span> 
     </span>
     <span class='ocr_line' id='line_1_11' title="bbox 231 1620 1178 1725; baseline -0.005 -25"><span class='ocrx_word' id='word_1_58' title='bbox 231 1630 315 1725; x_wconf 86' lang='lat' dir='ltr'>quid</span> <span class='ocrx_word' id='word_1_59' title='bbox 347 1628 392 1700; x_wconf 88' lang='lat' dir='ltr'>de</span> <span class='ocrx_word' id='word_1_60' title='bbox 424 1629 493 1699; x_wconf 82' lang='lat' dir='ltr'>aim</span> <span class='ocrx_word' id='word_1_61' title='bbox 520 1627 661 1719; x_wconf 80' lang='lat' dir='ltr'>ingenio</span> <span class='ocrx_word' id='word_1_62' title='bbox 688 1648 725 1695; x_wconf 89' lang='lat' dir='ltr'>tc</span> <span class='ocrx_word' id='word_1_63' title='bbox 751 1620 905 1696; x_wconf 77' lang='lat' dir='ltr'>motibus</span> <span class='ocrx_word' id='word_1_64' title='bbox 932 1624 1100 1703; x_wconf 80' lang='lat' dir='ltr'>nationis,</span> <span class='ocrx_word' id='word_1_65' title='bbox 1125 1647 1146 1695; x_wconf 81' lang='lat' dir='ltr'>a</span> <span class='ocrx_word' id='word_1_66' title='bbox 1173 1641 1178 1660; x_wconf 70' lang='lat'>⁸</span> 
     </span>
     <span class='ocr_line' id='line_1_12' title="bbox 231 1747 1145 1848; baseline 0.001 -30"><span class='ocrx_word' id='word_1_67' title='bbox 231 1772 298 1844; x_wconf 85' lang='lat' dir='ltr'>qua</span> <span class='ocrx_word' id='word_1_68' title='bbox 320 1748 390 1820; x_wconf 82' lang='lat' dir='ltr'>ltaec</span> <span class='ocrx_word' id='word_1_69' title='bbox 411 1748 550 1819; x_wconf 88' lang='lat' dir='ltr'>nomina</span> <span class='ocrx_word' id='word_1_70' title='bbox 573 1748 682 1818; x_wconf 80' lang='lat' dir='ltr'>literis</span> <span class='ocrx_word' id='word_1_71' title='bbox 702 1750 855 1845; x_wconf 86' lang='lat' dir='ltr'>primum</span> <span class='ocrx_word' id='word_1_72' title='bbox 877 1747 1037 1848; x_wconf 86' lang='lat' dir='ltr'>impolita</span> <span class='ocrx_word' id='word_1_73' title='bbox 1051 1764 1145 1819; x_wconf 85' lang='lat' dir='ltr'>aunt.</span> 
     </span>
     <span class='ocr_line' id='line_1_13' title="bbox 230 1836 1212 1970; baseline -0.01 -22"><span class='ocrx_word' id='word_1_74' title='bbox 230 1872 285 1948; x_wconf 86' lang='lat' dir='ltr'>Sic</span> <span class='ocrx_word' id='word_1_75' title='bbox 300 1869 440 1944; x_wconf 81' lang='lat' dir='ltr'>nomina</span> <span class='ocrx_word' id='word_1_76' title='bbox 458 1870 636 1941; x_wconf 84' lang='lat' dir='ltr'>liteterunt</span> <span class='ocrx_word' id='word_1_77' title='bbox 659 1866 693 1940; x_wconf 78' lang='lat' dir='ltr'>lt</span> <span class='ocrx_word' id='word_1_78' title='bbox 707 1869 754 1970; x_wconf 79' lang='lat' dir='ltr'>(i)</span> <span class='ocrx_word' id='word_1_79' title='bbox 777 1886 815 1942; x_wconf 84' lang='lat' dir='ltr'>et</span> <span class='ocrx_word' id='word_1_80' title='bbox 831 1867 913 1967; x_wconf 84' lang='lat' dir='ltr'>bogl</span> <span class='ocrx_word' id='word_1_81' title='bbox 935 1870 990 1957; x_wconf 83' lang='lat' dir='ltr'>(lt)</span> <span class='ocrx_word' id='word_1_82' title='bbox 1006 1873 1145 1966; x_wconf 75' lang='lat' dir='ltr'>portent</span> <span class='ocrx_word' id='word_1_83' title='bbox 1211 1836 1212 1912; x_wconf 53' lang='lat' dir='ltr'>l</span> 
     </span>
     <span class='ocr_line' id='line_1_14' title="bbox 229 1991 1145 2086; baseline -0.01 -16"><span class='ocrx_word' id='word_1_84' title='bbox 229 1997 375 2070; x_wconf 82' lang='lat' dir='ltr'>innuere</span> <span class='ocrx_word' id='word_1_85' title='bbox 395 1993 575 2086; x_wconf 78' lang='lat' dir='ltr'>regionem</span> <span class='ocrx_word' id='word_1_86' title='bbox 603 1991 725 2085; x_wconf 76' lang='lat' dir='ltr'>glaciei</span> <span class='ocrx_word' id='word_1_87' title='bbox 748 2010 784 2062; x_wconf 90' lang='lat' dir='ltr'>et</span> <span class='ocrx_word' id='word_1_88' title='bbox 808 1991 968 2082; x_wconf 81' lang='lat' dir='ltr'>grandini</span> <span class='ocrx_word' id='word_1_89' title='bbox 995 1992 1145 2062; x_wconf 87' lang='lat' dir='ltr'>multum</span> 
     </span>
     <span class='ocr_line' id='line_1_15' title="bbox 230 2109 1145 2201; baseline -0.005 -11"><span class='ocrx_word' id='word_1_90' title='bbox 230 2116 435 2198; x_wconf 75' lang='lat' dir='ltr'>obnoxiam,</span> <span class='ocrx_word' id='word_1_91' title='bbox 460 2113 545 2188; x_wconf 84' lang='lat' dir='ltr'>dum</span> <span class='ocrx_word' id='word_1_92' title='bbox 564 2133 681 2186; x_wconf 86' lang='lat' dir='ltr'>contra</span> <span class='ocrx_word' id='word_1_93' title='bbox 700 2111 835 2182; x_wconf 72' lang='lat' dir='ltr'>lintion</span> <span class='ocrx_word' id='word_1_94' title='bbox 848 2109 914 2201; x_wconf 88' lang='lat' dir='ltr'>(b),</span> <span class='ocrx_word' id='word_1_95' title='bbox 936 2111 1068 2194; x_wconf 88' lang='lat' dir='ltr'>betula,</span> <span class='ocrx_word' id='word_1_96' title='bbox 1094 2137 1145 2185; x_wconf 82' lang='lat' dir='ltr'>ar·</span> 
     </span>
    </p>

    <p class='ocr_par' dir='ltr' id='par_1_4' title="bbox 185 2231 1148 3066">
     <span class='ocr_line' id='line_1_16' title="bbox 185 2231 1143 2335; baseline 0.003 -24"><span class='ocrx_word' id='word_1_97' title='bbox 185 2313 188 2318; x_wconf 80' lang='grc'>,</span> <span class='ocrx_word' id='word_1_98' title='bbox 229 2236 306 2318; x_wconf 83' lang='lat' dir='ltr'>bor,</span> <span class='ocrx_word' id='word_1_99' title='bbox 331 2259 366 2310; x_wconf 90' lang='lat' dir='ltr'>et</span> <span class='ocrx_word' id='word_1_100' title='bbox 375 2243 463 2335; x_wconf 76' lang='lat' dir='ltr'>poro</span> <span class='ocrx_word' id='word_1_101' title='bbox 472 2240 530 2332; x_wconf 74' lang='lat' dir='ltr'>(p)</span> <span class='ocrx_word' id='word_1_102' title='bbox 543 2238 652 2334; x_wconf 71' lang='lat' dir='ltr'>spine.</span> <span class='ocrx_word' id='word_1_103' title='bbox 677 2231 1143 2330; x_wconf 75' lang='lat' dir='ltr'>rignifiearetloeeealtuom,</span> 
     </span>
     <span class='ocr_line' id='line_1_17' title="bbox 230 2357 1147 2456; baseline -0.005 -24"><span class='ocrx_word' id='word_1_104' title='bbox 230 2360 317 2456; x_wconf 69' lang='lat' dir='ltr'>lacui</span> <span class='ocrx_word' id='word_1_105' title='bbox 339 2359 441 2430; x_wconf 77' lang='lat' dir='ltr'>alicui</span> <span class='ocrx_word' id='word_1_106' title='bbox 457 2357 572 2454; x_wconf 75' lang='lat' dir='ltr'>(ligr,</span> <span class='ocrx_word' id='word_1_107' title='bbox 599 2360 627 2451; x_wconf 92' lang='lat' dir='ltr'>l)</span> <span class='ocrx_word' id='word_1_108' title='bbox 651 2362 877 2436; x_wconf 76' lang='lat' dir='ltr'>contermino.</span> <span class='ocrx_word' id='word_1_109' title='bbox 928 2363 1042 2438; x_wconf 87' lang='lat' dir='ltr'>Tum,</span> <span class='ocrx_word' id='word_1_110' title='bbox 1073 2358 1147 2428; x_wconf 81' lang='lat' dir='ltr'>reid</span> 
     </span>
     <span class='ocr_line' id='line_1_18' title="bbox 231 2479 1146 2580; baseline -0.003 -25"><span class='ocrx_word' id='word_1_111' title='bbox 231 2492 293 2572; x_wconf 86' lang='lat' dir='ltr'>(r),</span> <span class='ocrx_word' id='word_1_112' title='bbox 311 2479 487 2580; x_wconf 76' lang='lat' dir='ltr'>equitatio,</span> <span class='ocrx_word' id='word_1_113' title='bbox 503 2481 618 2564; x_wconf 75' lang='lat' dir='ltr'>abedo,</span> <span class='ocrx_word' id='word_1_114' title='bbox 637 2501 671 2555; x_wconf 92' lang='lat' dir='ltr'>et</span> <span class='ocrx_word' id='word_1_115' title='bbox 685 2481 748 2555; x_wconf 79' lang='lat' dir='ltr'>Tlr</span> <span class='ocrx_word' id='word_1_116' title='bbox 755 2490 816 2571; x_wconf 87' lang='lat' dir='ltr'>(t),</span> <span class='ocrx_word' id='word_1_117' title='bbox 833 2481 953 2564; x_wconf 87' lang='lat' dir='ltr'>telum,</span> <span class='ocrx_word' id='word_1_118' title='bbox 966 2480 1146 2553; x_wconf 85' lang='lat' dir='ltr'>denotaret</span> 
     </span>
     <span class='ocr_line' id='line_1_19' title="bbox 230 2601 1145 2704; baseline -0.004 -24"><span class='ocrx_word' id='word_1_119' title='bbox 230 2607 406 2680; x_wconf 83' lang='lat' dir='ltr'>nationem</span> <span class='ocrx_word' id='word_1_120' title='bbox 430 2606 577 2677; x_wconf 87' lang='lat' dir='ltr'>telorum</span> <span class='ocrx_word' id='word_1_121' title='bbox 606 2629 645 2674; x_wconf 87' lang='lat' dir='ltr'>ac</span> <span class='ocrx_word' id='word_1_122' title='bbox 672 2626 841 2700; x_wconf 90' lang='lat' dir='ltr'>equorum</span> <span class='ocrx_word' id='word_1_123' title='bbox 858 2628 923 2686; x_wconf 88' lang='lat' dir='ltr'>utu</span> <span class='ocrx_word' id='word_1_124' title='bbox 944 2601 1145 2704; x_wconf 87' lang='lat' dir='ltr'>tuperbien·</span> 
     </span>
     <span class='ocr_line' id='line_1_20' title="bbox 230 2722 1147 2826; baseline 0.001 -26"><span class='ocrx_word' id='word_1_125' title='bbox 230 2751 323 2809; x_wconf 85' lang='lat' dir='ltr'>rem,</span> <span class='ocrx_word' id='word_1_126' title='bbox 362 2751 437 2826; x_wconf 70' lang='lat' dir='ltr'>que</span> <span class='ocrx_word' id='word_1_127' title='bbox 456 2727 565 2798; x_wconf 77' lang='lat' dir='ltr'>solem</span> <span class='ocrx_word' id='word_1_128' title='bbox 586 2722 654 2811; x_wconf 75' lang='lat' dir='ltr'>(sol</span> <span class='ocrx_word' id='word_1_129' title='bbox 676 2732 708 2815; x_wconf 84' lang='lat' dir='ltr'>a)</span> <span class='ocrx_word' id='word_1_130' title='bbox 730 2749 793 2799; x_wconf 87' lang='lat' dir='ltr'>eeu</span> <span class='ocrx_word' id='word_1_131' title='bbox 816 2749 993 2802; x_wconf 78' lang='lat' dir='ltr'>summunt</span> <span class='ocrx_word' id='word_1_132' title='bbox 1011 2747 1147 2804; x_wconf 86' lang='lat' dir='ltr'>¹numen</span> 
     </span>
     <span class='ocr_line' id='line_1_21' title="bbox 231 2847 1148 2950; baseline 0.004 -30"><span class='ocrx_word' id='word_1_133' title='bbox 231 2850 389 2924; x_wconf 81' lang='lat' dir='ltr'>coluerit.</span> <span class='ocrx_word' id='word_1_134' title='bbox 439 2851 519 2919; x_wconf 84' lang='lat' dir='ltr'>Hoc</span> <span class='ocrx_word' id='word_1_135' title='bbox 541 2847 797 2944; x_wconf 76' lang='lat' dir='ltr'>quodammodo</span> <span class='ocrx_word' id='word_1_136' title='bbox 821 2852 1003 2950; x_wconf 74' lang='lat' dir='ltr'>quadraret</span> <span class='ocrx_word' id='word_1_137' title='bbox 1022 2854 1059 2926; x_wconf 88' lang='lat' dir='ltr'>in</span> <span class='ocrx_word' id='word_1_138' title='bbox 1075 2857 1148 2927; x_wconf 85' lang='lat' dir='ltr'>Go-</span> 
     </span>
     <span class='ocr_line' id='line_1_22' title="bbox 230 2948 1146 3066; baseline 0.007 -26"><span class='ocrx_word' id='word_1_139' title='bbox 230 2969 502 3044; x_wconf 73' lang='lat' dir='ltr'>tuo-caucalioa</span> <span class='ocrx_word' id='word_1_140' title='bbox 522 2948 631 3042; x_wconf 77' lang='lat' dir='ltr'>Maris</span> <span class='ocrx_word' id='word_1_141' title='bbox 656 2972 761 3064; x_wconf 84' lang='lat' dir='ltr'>Nigri</span> <span class='ocrx_word' id='word_1_142' title='bbox 777 2970 819 3046; x_wconf 88' lang='lat' dir='ltr'>ab</span> <span class='ocrx_word' id='word_1_143' title='bbox 840 2976 975 3050; x_wconf 81' lang='lat' dir='ltr'>oriente</span> <span class='ocrx_word' id='word_1_144' title='bbox 998 2976 1146 3066; x_wconf 57' lang='lat' dir='ltr'>iconiam</span> 
     </span>
    </p>

    <p class='ocr_par' dir='ltr' id='par_1_5' title="bbox 208 3070 1120 3206">
     <span class='ocr_line' id='line_1_23' title="bbox 208 3070 1120 3206; baseline 0.002 -40"><span class='ocrx_word' id='word_1_145' title='bbox 208 3089 291 3166; x_wconf 36' lang='lat' dir='ltr'>ared</span> <span class='ocrx_word' id='word_1_146' title='bbox 313 3090 401 3164; x_wconf 89' lang='lat' dir='ltr'>nihil</span> <span class='ocrx_word' id='word_1_147' title='bbox 417 3070 569 3164; x_wconf 82' lang='lat' dir='ltr'>tribuere</span> <span class='ocrx_word' id='word_1_148' title='bbox 590 3094 750 3168; x_wconf 74' lang='lat' dir='ltr'>volumus</span> <span class='ocrx_word' id='word_1_149' title='bbox 773 3093 945 3194; x_wconf 77' lang='lat' dir='ltr'>ejusmodi</span> <span class='ocrx_word' id='word_1_150' title='bbox 963 3099 1120 3206; x_wconf 68' lang='lat' dir='ltr'>argutiitt</span> 
     </span>
    </p>
   </div>
   <div class='ocr_carea' id='block_1_4' title="bbox 231 3263 1153 3745">
    <p class='ocr_par' dir='ltr' id='par_1_6' title="bbox 231 3263 1153 3745">
     <span class='ocr_line' id='line_1_24' title="bbox 332 3263 1145 3370; baseline 0.012 -34"><span class='ocrx_word' id='word_1_151' title='bbox 332 3269 385 3339; x_wconf 91' lang='lat' dir='ltr'>De</span> <span class='ocrx_word' id='word_1_152' title='bbox 408 3263 531 3340; x_wconf 88' lang='lat' dir='ltr'>ordine</span> <span class='ocrx_word' id='word_1_153' title='bbox 554 3271 731 3346; x_wconf 82' lang='lat' dir='ltr'>literarum</span> <span class='ocrx_word' id='word_1_154' title='bbox 756 3277 986 3355; x_wconf 85' lang='lat' dir='ltr'>Runiearum,</span> <span class='ocrx_word' id='word_1_155' title='bbox 1032 3273 1145 3370; x_wconf 79' lang='lat' dir='ltr'>qualis</span> 
     </span>
     <span class='ocr_line' id='line_1_25' title="bbox 231 3384 1147 3488; baseline 0.011 -27"><span class='ocrx_word' id='word_1_156' title='bbox 231 3388 273 3462; x_wconf 81' lang='lat' dir='ltr'>ab</span> <span class='ocrx_word' id='word_1_157' title='bbox 291 3389 390 3462; x_wconf 89' lang='lat' dir='ltr'>initio</span> <span class='ocrx_word' id='word_1_158' title='bbox 409 3384 513 3462; x_wconf 85' lang='lat' dir='ltr'>fuerit</span> <span class='ocrx_word' id='word_1_159' title='bbox 534 3394 583 3465; x_wconf 89' lang='lat' dir='ltr'>nil</span> <span class='ocrx_word' id='word_1_160' title='bbox 600 3416 749 3477; x_wconf 86' lang='lat' dir='ltr'>constat,</span> <span class='ocrx_word' id='word_1_161' title='bbox 785 3397 845 3470; x_wconf 82' lang='lat' dir='ltr'>red</span> <span class='ocrx_word' id='word_1_162' title='bbox 866 3400 1084 3488; x_wconf 81' lang='lat' dir='ltr'>immutatum</span> <span class='ocrx_word' id='word_1_163' title='bbox 1101 3395 1147 3471; x_wconf 84' lang='lat' dir='ltr'>ad</span> 
     </span>
     <span class='ocr_line' id='line_1_26' title="bbox 231 3512 1153 3615; baseline 0.008 -31"><span class='ocrx_word' id='word_1_164' title='bbox 231 3537 296 3586; x_wconf 83' lang='lat' dir='ltr'>nos</span> <span class='ocrx_word' id='word_1_165' title='bbox 323 3514 519 3613; x_wconf 81' lang='lat' dir='ltr'>pervenisse</span> <span class='ocrx_word' id='word_1_166' title='bbox 547 3536 596 3588; x_wconf 82' lang='lat' dir='ltr'>eat</span> <span class='ocrx_word' id='word_1_167' title='bbox 618 3512 796 3615; x_wconf 85' lang='lat' dir='ltr'>probabile</span> <span class='ocrx_word' id='word_1_168' title='bbox 818 3519 898 3595; x_wconf 84' lang='lat' dir='ltr'>erit.</span> <span class='ocrx_word' id='word_1_169' title='bbox 972 3515 1153 3596; x_wconf 71' lang='lat' dir='ltr'>Ceterum·</span> 
     </span>
     <span class='ocr_line' id='line_1_27' title="bbox 231 3632 1145 3745; baseline 0.011 -39"><span class='ocrx_word' id='word_1_170' title='bbox 231 3632 483 3726; x_wconf 71' lang='lat' dir='ltr'>obuertendum</span> <span class='ocrx_word' id='word_1_171' title='bbox 502 3657 576 3726; x_wconf 82' lang='lat' dir='ltr'>eet,</span> <span class='ocrx_word' id='word_1_172' title='bbox 614 3639 890 3745; x_wconf 21' lang='lat' dir='ltr'>nullemlcettem</span> <span class='ocrx_word' id='word_1_173' title='bbox 906 3641 1016 3722; x_wconf 88' lang='lat' dir='ltr'>literit</span> <span class='ocrx_word' id='word_1_174' title='bbox 1037 3637 1145 3718; x_wconf 75' lang='lat' dir='ltr'>luisse</span> 
     </span>
    </p>
   </div>
   <div class='ocr_carea' id='block_1_5' title="bbox 0 0 1244 4330">
    <p class='ocr_par' dir='ltr' id='par_1_7' title="bbox 0 0 1244 4330">
     <span class='ocr_line' id='line_1_28' title="bbox 0 0 1244 4330; baseline 0 0"><span class='ocrx_word' id='word_1_175' title='bbox 0 0 1244 4330; x_wconf 95' lang='lat' dir='ltr'> </span> 
     </span>
    </p>
   </div>
  </div>
 </body>
</html>
