2472 4330
251 219 327 310 94

198 445 306 526 usque
323 420 520 523 protendit,
552 439 654 520 atque
669 419 839 511 ibimixta
853 423 997 506 Pissis,
1030 445 1125 518 gen·

199 562 251 626 res
275 553 442 624 Turricas
469 543 643 627 condidit,
700 547 877 621 literatum
902 546 1124 620 Runiearum

199 697 303 752 usum
319 692 434 758 secum
450 668 517 742 huc
539 688 745 768 asportasse,
783 688 885 767 atque
903 670 1023 743 dehinc
1042 675 1126 740 sin·

201 801 331 896 gulsre‚
357 791 483 892 partim
501 813 522 863 e
539 792 658 870 Ruois,
685 791 812 888 partim
830 815 850 863 e
868 796 959 865 notis
974 788 1129 866 arbitra·
1224 811 1229 900 p

202 925 282 1004 riis,
316 911 535 1016 alphabetum
551 916 804 1011 composuisse,
840 915 932 1012 quod
948 935 1068 1013 postea
1086 917 1131 984 in

203 1029 1002 1137 monumentispubiicisetprivatisadhibuerit.
1024 1038 1130 1108 Huic

199 1166 383 1245 sententia·
397 1155 517 1236 favere
532 1161 672 1234 videtur
697 1162 827 1235 exculta
842 1163 923 1235 vito
939 1160 1028 1264 ratip
1042 1183 1132 1255 gen·
1228 1127 1229 1214 i

205 1294 314 1368 sium,
355 1303 429 1380 quo
444 1284 568 1380 priscis
587 1280 801 1378 temporibus
818 1284 877 1354 hss
892 1287 1051 1376 regiones
1071 1279 1147 1356 in.'

206 1413 397 1488 coluerunt,
425 1425 526 1502 quarn
542 1403 630 1504 apud
647 1405 821 1474 nationem
836 1425 930 1474 mere
943 1406 1133 1476 Finnicam

206 1537 268 1611 vix
290 1530 466 1604 invenires
490 1534 536 1613 1).
615 1527 670 1594 Sic
695 1523 784 1619 apud
809 1525 969 1594 Taenaros
992 1526 1134 1598 exstitit
1226 1511 1229 1580 ἕ

204 1655 377 1756 singulsre
402 1644 573 1743 quoddsm
596 1641 830 1742 alphsbetum,
883 1644 978 1742 quod
1002 1646 1044 1719 ad
1068 1671 1135 1720 va·
1228 1687 1229 1702 ι

206 1779 276 1850 rios
292 1773 412 1845 irarum
427 1767 610 1861 regionum
628 1767 755 1840 incolas
770 1787 995 1866 propagatum
1018 1763 1134 1843 fuisse

207 1887 426 1971 ¹crediderim.
488 1890 584 1962 Hinc
604 1904 743 1960 enatum
768 1909 844 1962 esse
859 1890 999 1965 videtur
1015 1891 1132 1992 alpho-

203 2021 342 2100 besum,
355 2079 357 2086 ,
369 2034 437 2112 quo
452 2013 612 2106 Magyari
627 2013 700 2081 sive
719 2015 890 2106 Hungari,
917 2037 958 2086 ex
976 2013 1030 2088 his
1043 2031 1134 2088 trac·

209 2144 303 2220 tibus
321 2135 472 2233 egressi,
503 2131 686 2204 utebantur
704 2143 751 2218 ²).
818 2137 900 2208 Huc
919 2139 1023 2212 etiant
1037 2133 1132 2214 forte

209 2260 335 2342 referti
351 2257 516 2331 deberent
530 2252 599 2326 duo
620 2255 676 2328 illa
693 2242 874 2356 alphabeta
886 2263 1132 2336 Rumon-Bar·

209 2387 314 2469 bsss,
340 2405 413 2482 que
429 2401 549 2478 supra,
578 2373 610 2476 §.
632 2407 691 2462 ιι,
719 2405 760 2453 ex
776 2380 940 2454 Hrabano
956 2387 1079 2458 Mauro
1095 2406 1131 2458 et

213 2503 582 2584 Schultzioatrulimus,
606 2505 1131 2598 quatenusmultumadconsue.

161 2700 165 2710 .
212 2632 369 2705 tudinem
385 2627 553 2702 Runicant
568 2621 729 2696 accedere
747 2623 911 2702 videntur
934 2633 979 2720 3).
1029 2629 1132 2704 Idem

213 2778 350 2856 quoque
368 2752 497 2826 valeret
515 2741 559 2816 de
586 2747 807 2839 cognatione,
845 2753 941 2850 tique
967 2772 1018 2830 est
1041 2757 1149 2832 inter

215 2957 484 2982 ——m
490 2953 491 2956 ’

235 3079 268 3153 ¹)
286 3082 341 3140 cfr.
360 3083 446 3138 Mein.
464 3089 616 3148 comment.
634 3085 733 3142 societ.
755 3088 883 3162 ustura.
922 3089 985 3152 Vol.
1011 3106 1069 3159 ψ

226 3174 269 3248 γ’)
285 3173 349 3233 vid.
369 3173 482 3235 Hiokes.
513 3173 593 3235 Thes.
610 3180 689 3239 Tum.
707 3181 748 3243 11.
769 3179 837 3238 Tab.
857 3185 883 3240 1.

236 3267 270 3338 ⁸)
288 3266 315 3323 Si
333 3264 413 3320 settis
431 3268 596 3338 argumentis
609 3271 762 3329 confirmari
786 3287 874 3342 posset
894 3269 1063 3340 siphnbetum
1078 3278 1135 3332 Ru·

294 3359 400 3417 nisum,
434 3359 506 3426 quoti
532 3359 699 3430 Hepburnus
720 3363 819 3432 (Virga
839 3359 934 3430 aurea)
952 3359 1051 3422 tribuit
1070 3369 1135 3438 Scy.

202 3481 208 3488 ·
297 3448 350 3504 this
367 3460 394 3504 et
411 3450 583 3518 Massagetis
610 3449 683 3503 ιδ’·
663 3467 697 3504 us
716 3467 872 3520 usurpatum
889 3449 986 3513 fuisse,
1021 3459 1134 3512 multum

215 3575 217 3582 ,
296 3545 397 3598 voleret
413 3539 454 3594 ssi
483 3539 664 3594 stabiliendam
691 3555 806 3601 nostrum
834 3541 867 3601 de
892 3543 977 3616 prims
999 3547 1134 3651 Runarusn

297 3631 499 3706 propagatione
496 3629 684 3695 sententium.¹
719 3667 750 3690 ,-
1224 3613 1225 3624 ’
