2468 4344
484 461 517 560 §.
555 483 611 554 ¹7·

5 603 12 660 ἶ
110 660 112 664 >
194 608 244 678 Ut
262 608 424 705 pleraque
443 608 609 683 nobiliora
633 599 738 711 prisci
762 605 998 709 aevialphabe·
1097 685 1099 692 .

90 746 208 800 totum
224 733 398 822 generain
417 753 557 807 censum
576 755 758 814 vocemus,
783 732 879 826 juvat
895 735 998 806 etiam
1053 801 1057 804 .

90 851 263 948 inspicere
282 852 457 951 alphabeta
475 836 860 942 vetustissimalndica,
888 864 1000 930 Sams-

90 973 277 1047 credanutn
299 1001 424 1075 nempe
440 997 479 1068 et
499 978 766 1052 Grandanicum.
826 979 889 1050 Sed
906 955 998 1064 har'c,

88 1113 128 1165 ut
146 1097 182 1167 in
201 1103 433 1172 monumentis
450 1101 585 1196 scriptis
604 1119 641 1170 et
661 1099 802 1194 sculptis
819 1096 996 1182 habentur,

88 1238 169 1288 cum
195 1221 302 1291 Runis
328 1222 607 1319 comparari-non
632 1239 793 1318 possunt,
819 1243 900 1292 nam
925 1240 1001 1292 tan·
1061 1264 1065 1276 ·

86 1359 158 1410 tam
181 1339 308 1424 irtem,
343 1356 377 1415 e't
403 1337 655 1414 informandis
680 1343 790 1426 literis
822 1345 998 1421 solertiam
1027 1372 1030 1376 ·
1068 1377 1073 1385 ·

84 1453 255 1558 pr’odunt,
307 1485 344 1538 ut
366 1463 409 1536 ab
438 1467 575 1562 antiqua
609 1465 827 1561 simplicitate
853 1445 996 1540 omnino

86 1586 284 1671 recessisse,
315 1610 418 1684 atque
444 1589 490 1659 ita
513 1591 667 1684 priscum
688 1610 893 1670 numerum,
927 1584 998 1662 for·

86 1726 198 1796 mam,
229 1729 264 1779 et
285 1730 487 1806 potestatem
505 1712 681 1784 literatum
703 1697 824 1804 magna
843 1733 997 1810 exparte

84 1825 279 1924 perdidisse
304 1829 474 1920 censendo
499 1834 580 1907 sina.
647 1837 736 1904 Cum
762 1854 876 1906 tamen
893 1857 936 1906 ex
951 1837 996 1908 al·

59 2023 61 2027 ,
85 1969 157 2021 tera
172 1975 269 2049 parte
295 1954 459 2036 aciamus,
498 1953 728 2042 originariam·
743 1959 908 2050 quandam
927 1963 996 2031 Go-

86 2069 157 2142 this
171 2097 249 2146 curn
266 2077 361 2148 lodis
386 2073 599 2148 intercedere
615 2075 872 2166 cognationem,
902 2077 995 2148 iorte

86 2215 199 2289 opera
213 2199 366 2293 pretium
385 2219 473 2268 esset
491 2199 752 2293 antiquissimas,
773 2219 853 2294 quas
872 2197 996 2292 habent

84 2317 214 2414 templa
237 2318 421 2398 indorum,
455 2317 695 2414 inscriptiones
719 2319 915 2412 diligentius
939 2345 994 2396 ex·

58 2440 251 2520 aminare,
292 2418 371 2512 nam
396 2423 434 2510 ¹itt
457 2439 509 2510 his
533 2439 648 2535 plures
672 2441 845 2510 literarum
872 2441 993 2515 formae

84 2583 164 2632 cum
179 2565 285 2635 Runis
301 2564 513 2636 conveniunt
530 2567 584 2646 1);
611 2557 703 2628 unda
720 2555 818 2630 tacite
835 2566 995 2653 colligere

84 2706 217 2782 possea,
244 2686 334 2758 inter
352 2683 605 2783 antiquissimas
624 2680 790 2752 Indorum
808 2673 878 2774 jem
896 2681 995 2759 obso-

84 2807 167 2878 letas
185 2805 300 2884 lit'crts
332 2828 365 2881 et
395 2812 507 2884 Runas
533 2807 686 2904 aliquem
713 2797 820 2880 fuisse
851 2829 993 2892 nerum,

82 3041 351 3070 m
380 3069 382 3076 Α

5 3255 6 3260 ¹
108 3183 140 3256 ¹)
162 3167 993 3255 erensiaticktteaearches,v01.1‚pag.raa,&v01.'u‚
1057 3188 1060 3196 '

5 3263 6 3288 ¹
161 3293 222 3348 pag.
249 3293 313 3344 ter,
335 3269 383 3330 ubi
396 3278 498 3348 plures
517 3275 656 3342 sistuntur
672 3272 864 3344 inscriptiones
884 3278 996 3334 Indicas.

161 3373 201 3424 Ex
223 3365 437 3432 characteribus.
459 3366 548 3436 quiin
567 3365 606 3420 his
625 3381 687 3419 cum
708 3364 793 3420 Ruris
814 3367 992 3424 conveniunt,

161 3461 248 3518 notari
273 3473 399 3534 possunt:
698 3455 699 3458 ’

100 3547 413 3745 ’01)νῶ
461 3560 540 3716 ¹1>
577 3548 993 3718 flodsiap·
