2468 4344
877 217 941 310 29

87 405 211 520 ge'mus
231 423 347 498 literas
371 421 519 508 Ruoieat
543 422 579 494 in
609 422 827 523 alphabetum
849 428 1004 528 Ulphila·

84 571 173 621 num
198 548 272 618 vim
297 548 448 646 aliquam
472 546 730 647 exercuisset).
796 548 868 621 Alii
890 573 1002 627 autem

84 670 167 743 vice
191 687 309 750 versa,
344 670 437 744 inter
465 691 551 767 quoa
578 669 756 744 nominare
777 669 889 768 placet
915 676 1003 752 Con-

84 781 244 886 riogium
261 798 296 878 ²)
314 811 347 866 et
372 787 567 868 Bredstotff
581 791 632 888 ³),
658 794 872 870 contendunt
888 797 1004 870 literas

86 911 238 987 Runicaa
255 911 295 986 ab
306 912 500 1012 Ulphilaois
520 913 680 1012 deductas
698 939 786 992 esse.
842 917 908 992 Sed
923 921 1004 994 hnic

86 1039 271 1110 assertioni
286 1034 397 1109 obstat
416 1023 450 1106 e't
470 1025 649 1108 liteta'ttutn
664 1037 876 1132 quarundam
893 1035 1005 1118 forma

88 1181 124 1231 et
143 1179 308 1231 numerus
329 1177 365 1229 et
381 1153 490 1236 ordo,
529 1179 604 1255 que
618 1156 655 1230 io
675 1154 855 1268 alphabeto
873 1165 1006 1240 Ruoieo

88 1281 196 1378 longe
204 1279 302 1352 alites·
316 1301 354 1350 se
370 1275 510 1360 habent,
531 1303 632 1378 quam
651 1278 894 1386 anlpbilano,
912 1289 1005 1385 quod

88 1403 132 1474 ad
153 1398 415 1491 similitudinem
434 1399 604 1500 alphabeti
617 1408 880 1482 praestitisti
900 1415 1005 1486 maxi·

7 1511 8 1546 ³
86 1547 181 1599 maan
203 1544 337 1628 portem
355 1517 545 1600 formatum
564 1549 638 1600 esse
659 1525 809 1602 videtur.

479 1757 512 1836 §.
543 1777 600 1826 ιο.

189 1883 286 1976 lntet
302 1900 485 2004 alphabeta,
510 1923 585 2002 quae
600 1927 678 1976 cum
695 1907 833 1978 Runico
850 1907 885 1980 io
903 1913 1003 1983 certia

84 2027 201 2099 ¹literis
224 2029 451 2110 conveniunt,
487 2029 602 2102 locum
625 2025 692 2101 sibi
706 2027 880 2126 postulant
895 2031 1004 2127 alpha-

7 2191 9 2204 ·
91 2145 171 2219 beta
191 2145 397 2228 Hibernica,
434 2147 680 2243 Ogumdieta',
718 2169 867 2246 quotum
888 2151 1004 2248 pluteo

92 2296 111 2341 a
129 2266 299 2344 Ledwich
314 2272 353 2355 ⁴)
380 2288 538 2341 notantur
558 2272 707 2368 species,
750 2294 785 2344 et
809 2271 888 2345 licet
906 2274 1004 2372 plane

92 2417 173 2466 cuns
198 2415 239 2464 eo
260 2389 473 2464 consentiam
501 2394 536 2463 io
561 2390 777 2485 dijudicanda
804 2398 939 2487 origine
968 2419 1004 2476 et

93 2535 189 2589 otate
211 2515 337 2588 horum
365 2512 646 2614 alphabetorum,
685 2535 723 2583 ea
746 2515 877 2612 seilicet
903 2523 1006 2592 maxi·

94 2661 187 2712 mam
217 2659 350 2736 partem
381 2664 446 2738 pro
482 2621 676 2715 artifieioaia
705 2638 910 2736 posterioris
941 2645 1004 2716 aevi

103 2851 371 2875 ...fiuant—-

96 3029 110 3062 2
132 2989 165 3062 ²)
181 2989 365 3063 Alphabetom
383 2993 606 3066 Mesopothicom,
630 2997 702 3066 qood
720 2993 868 3050 secondom
885 2995 1006 3056 Theodo-

175 3099 236 3138 tum
261 3083 294 3138 de
320 3085 376 3152 Bty
399 3084 474 3139 affert
501 3079 611 3143 Hich‘ss.
637 3089 715 3141 Toto.
735 3089 776 3145 11.
795 3082 863 3140 Tab.
883 3091 906 3146 1.
927 3088 1006 3158 plane

173 3173 310 3230 Runicum
328 3185 380 3228 ast.
535 3213 538 3222 .
574 3243 576 3248 ,
763 3199 766 3206 ·
834 3156 840 3167 ¹

97 3307 108 3337 ,-
131 3268 164 3338 ¹)
180 3271 222 3322 De
241 3263 353 3336 Origine
373 3264 447 3334 Jutis
465 3269 589 3324 German.
608 3282 665 3337 cap.
686 3281 713 3332 5.

102 3401 109 3413 .
133 3347 214 3427 ¹)1b
234 3355 320 3413 libro:
357 3358 410 3412 Om
424 3357 633 3412 Rooeaktistena
651 3357 818 3430 oprindelse
838 3358 911 3417 totus
927 3359 954 3416 itt
975 3373 1006 3412 eo

176 3459 295 3506 vastatur
313 3464 416 3510 auctor.
446 3462 478 3504 stt
495 3449 622 3504 ostendet
642 3453 732 3504 Runaa
752 3467 766 3505 a
783 3451 867 3508 literis
888 3447 1007 3517 Ulphila·
1037 3489 1041 3502 .

178 3537 231 3598 oia,
248 3540 276 3593 ἃ
294 3534 338 3594 hae
357 3543 454 3598 iterum
474 3559 489 3598 a
510 3540 730 3597 &ooo-Latinis
750 3541 879 3596 derivatas
899 3553 965 3594 este.
993 3551 996 3558 ’
1056 3544 1057 3548 ’

136 3629 171 3701 ⁴)
188 3623 323 3693 Antiquit.
340 3631 374 3689 of
389 3633 494 3692 ltalaod
510 3629 577 3693 Tab.
595 3631 681 3712 Vlll.
698 3630 730 3686 ad
750 3645 811 3701 paz.
829 3639 875 3702 87·
