2472 4330
411 201 431 230 ··
528 203 551 256 ι

572 269 576 278 ’
848 272 940 360 143

79 503 168 560 not,
196 475 455 570 Anglotaxones
472 495 505 547 et
529 479 724 550 Germanos
744 473 818 572 ejut
838 475 1009 572 significa·
1081 519 1084 528 2
1148 481 1151 486 “

79 606 135 676 tio
161 622 213 674 eat
235 600 335 672 lilrro
357 603 433 671 sive
452 602 643 691 scriptitat
681 600 741 672 sed
774 599 876 672 etiam
903 603 1008 678 deno·

79 747 132 798 ιιι
167 749 223 796 rer
246 705 362 822 geilns
383 744 417 795 et
444 726 562 809 verbo,
613 723 705 798 unde
721 727 819 797 Runa
838 742 874 799 ει
899 730 1002 810 nuni,

81 845 324 926 confabulator
346 844 545 934 familiarie3
590 848 671 920 hinc
695 863 833 948 quoque
859 849 1005 924 deducta

81 994 139 1046 est
154 968 359 1066 significatio
383 977 488 1046 Runa
504 995 614 1056 oxon
654 973 746 1043 unde
761 969 906 1043 formata
930 997 1007 1048 cte·
1037 1043 1044 1060 ,

81 1098 183 1169 deret
198 1100 340 1174 nomina
360 1099 498 1196 propria
515 1095 689 1191 imprimis
705 1091 938 1177 feminarum,
965 1121 1001 1170 v.

81 1247 115 1297 e.
133 1217 296 1304 Gndrtin,
330 1225 470 1319 berun,
505 1203 823 1300 minim-(ilatio,
863 1215 1001 1302 solrln,

79 1345 248 1418 Vardrtin
266 1362 332 1420 etc.
374 1342 448 1415 *Sed
468 1365 538 1416 non
558 1363 695 1414 neceate
719 1361 769 1414 eet
790 1341 875 1413 hanc
894 1343 1004 1434 signi·
1032 1378 1039 1391 ·

79 1463 279 1541 ficationem
296 1461 450 1540 tribuere
467 1467 546 1539 voci
575 1467 612 1540 in
636 1461 834 1538 nominibus
850 1465 1003 1563 propriis

78 1613 123 1664 ex
149 1591 227 1664 Ruta
248 1592 472 1690 compositis,
512 1609 592 1662 cum
621 1607 717 1684 aeque
743 1573 921 1686 probabile
954 1587 1001 1658 tit

30 1805 32 1834 ‚
79 1706 232 1802 majores
250 1729 386 1780 nostroe
404 1715 442 1781 ln
463 1705 656 1787 formandis
675 1708 873 1810 nominibus
891 1711 1003 1800 magia

79 1830 292 1929 spectavisse
306 1851 428 1923 genus,
443 1849 489 1911 et,
509 1849 546 1902 ut
567 1837 612 1902 ita
622 1836 745 1916 dicam,
763 1824 1002 1908 excellentiam

79 1952 199 2035 vo'eia,
243 1975 345 2052 quam
368 1971 499 2024 oettam
518 1954 667 2050 aliquam
694 1951 999 2051 tignificationem,

80 2097 116 2148 et
147 2077 198 2146 eie
231 2097 355 2150 votem
382 2079 458 2156 Rttn
484 2079 521 2152 in
552 2073 751 2168 nominibus
783 2071 1001 2150 feminarum

78 2197 232 2298 ptopriit
257 2201 367 2292 magia
394 2198 582 2273 adhibitam
614 2197 722 2273 initae
749 2199 791 2272 ad
818 2199 1010 2296 indignam·

82 2323 161 2393 dant
178 2325 456 2398 terminationem
480 2321 729 2406 foemininam,
763 2347 863 2422 quam
886 2321 925 2392 ad
948 2325 1004 2394 im·
1063 2363 1069 2373 .

81 2446 253 2518 metendam
271 2449 483 2530 relationem,
502 2471 578 2544 quae
599 2453 761 2520 maritum
779 2451 869 2517 inter
889 2467 923 2517 er
942 2469 999 2521 ux·

82 2591 179 2642 orem
202 2571 396 2645 intercedit.
419 2609 426 2618 -
460 2578 540 2646 Hoc
561 2571 666 2642 modn
688 2593 755 2642 vox
776 2572 879 2640 etiarn
901 2567 999 2638 adhi-

82 2691 158 2764 beri
181 2697 292 2793 potuit
310 2697 351 2766 ad
379 2691 559 2769 formanda
586 2696 725 2769 nomina
745 2691 883 2794 propria
907 2693 999 2761 viro·

80 2840 179 2899 rum,
224 2819 317 2916 quoti
343 2813 473 2891 factum
499 2841 572 2891 esse
594 2818 752 2890 videmus
778 2819 814 2888 in
837 2807 1004 2899 Runolfr‚'

82 2942 247 3034 Rungein
263 2941 500 3016 Guthrunnus.
538 2946 678 3024 ‚Praeter
694 2941 752 3012 has
763 2933 999 3038 vulgatea'aig-

81 3058 295 3136 nificariones
316 3069 393 3138 Run
413 3071 514 3138 etiam
534 3069 569 3137 in
589 3063 880 3160 Anglosaxonico,
920 3041 998 3136 Ale·

83 3185 244 3259 mannico
270 3204 304 3255 et
327 3189 457 3259 Celtico
483 3186 584 3258 habet
611 3191 821 3261 notationem
849 3185 998 3284 mysterii

85 3331 119 3381 et
134 3309 386 3387 mussitationis.
437 3310 532 3383 Hinc
548 3333 622 3408 quae
641 3314 686 3384 sit
702 3312 884 3404 originaria
902 3307 996 3377 voris

82 3503 351 3526 m

87 3663 106 3696 ἱ
120 3622 153 3696 ¹)
169 3626 199 3684 S.
216 3621 349 3682 Thotlacil
373 3605 501 3698 explicat.
547 3624 639 3697 Lepid.
664 3618 918 3682 santonensem
940 3620 997 3676 An·

163 3714 236 3787 tiqn.
256 3715 354 3776 Annei.
369 3721 394 3776 1.
411 3736 440 3789 p.
461 3717 529 3788 296.
787 3705 794 3718 '
