2468 4344
309 221 372 310 60

636 429 669 532 b
701 455 763 522 ιι.

344 577 502 651 Diximus
520 572 597 674 ¹jam
624 579 661 651 in
689 565 967 652 ante'cedentibus
996 577 1157 674 primum

243 699 460 802 alphabetum
484 721 527 771 ex
547 685 785 800 hieroglyphia
804 723 838 774 et
855 702 993 774 nomina
1011 719 1044 769 et
1066 693 1157 790 figu-

243 850 296 902 ras
311 823 525 903 desumtiaae.
583 823 679 896 Hinc
700 828 857 924 sequitur
878 827 1013 922 primus
1035 839 1154 892 noster

241 949 280 1022 in
303 943 533 1042 dijudicandis
556 933 743 1047 alphabetis
773 969 898 1029 canon,
946 945 1030 1016 tium
1054 941 1154 1012 volu·

241 1095 319 1146 mua
343 1096 381 1145 ea
405 1068 603 1170 alphabeta,
654 1095 729 1172 qua
753 1073 930 1145 literarum
954 1069 1092 1139 nomine
1117 1080 1156 1132 et

242 1193 350 1288 figura
366 1196 538 1282 originem
558 1195 853 1293 hieroglyphicam
876 1190 1042 1298 prodant,
1081 1205 1156 1256 ease

173 1309 181 1318 '
239 1313 486 1407 antiquiaaima.
549 1314 644 1382 Huic
659 1336 751 1383 arcte
764 1321 767 1334 '
771 1313 912 1405 junctus
927 1333 978 1379 est
998 1311 1085 1382 alter
1103 1305 1157 1377 ea.

240 1457 311 1510 aton
319 1482 330 1518 ‚
345 1457 385 1506 ea
400 1431 533 1506 tciiicet
550 1426 740 1533 alphabeta,
758 1453 832 1528 qua
847 1425 1062 1530 paucissimia
1078 1428 1159 1499 iite-

240 1559 302 1642 ria,
319 1556 444 1656 quibua
461 1557 537 1628 soni
554 1558 702 1626 maxime
709 1553 916 1651 principales
931 1537 1156 1634 denotabant,

238 1699 414 1756 constent,
434 1676 535 1746 etiam
551 1696 617 1772 pto
634 1673 880 1746 vetustissimis
891 1665 1044 1746 habenda
1064 1694 1154 1745 ease.

236 1799 318 1871 Huc
336 1819 420 1888 ergo
444 1797 619 1894 pertinent
644 1791 837 1897 alphabeta,
881 1795 917 1869 itt
936 1791 1060 1892 quibua
1078 1820 1154 1871 non

235 1920 304 1996 niai
320 1940 391 1992 tres
406 1917 557 2000 vocales,
577 1942 617 2002 a,
642 1919 672 2000 i,
698 1936 734 1991 et
749 1939 792 2002 ιι,
818 1935 852 1992 et
864 1940 989 2018 prater
1004 1918 1153 2014 liquidas

235 2065 308 2121 non
325 2043 392 2117 nisi
408 2065 474 2117 una
488 2039 643 2136 ejusdem
657 2043 777 2136 organi
796 2041 895 2115 litera
913 2063 1063 2114 consona
1081 2039 1150 2136 (ex.

234 2191 288 2262 gr.
303 2163 328 2239 b
334 2188 345 2248 i
370 2185 407 2247 t,
432 2186 503 2238 ιιοιι
519 2181 633 2234 autem
647 2162 789 2262 aimuip
806 2161 911 2258 etti),
951 2165 1148 2262 exprimun-

234 2308 305 2361 tur.
354 2286 448 2358 Nam
464 2307 550 2358 vero
564 2307 634 2358 uun
652 2283 738 2360 adeo
753 2286 866 2360 aimile
880 2282 1031 2371 videtur,
1056 2310 1146 2367 eum,

124 2427 126 2433 ·
234 2408 296 2508 qui
312 2408 428 2507 primo
444 2406 840 2485 tonorumuiveraitatea
855 2405 1070 2491 observavit,
1109 2430 1147 2481 et

232 2532 275 2604 ad
292 2531 550 2629 distinguendas
565 2531 681 2606 literaa
694 2528 866 2614 adhibuit,
881 2535 997 2608 statim
1012 2551 1145 2615 omnes,

232 2677 268 2728 et
285 2655 346 2730 has
363 2656 504 2754 quidam
520 2642 698 2738 minimaa,
715 2674 881 2731 tonorum
899 2656 1077 2732 varietates
1092 2655 1145 2728 in·

231 2775 380 2872 dagaate.
943 2785 945 2790 ’

629 2986 661 3066 §.
688 2988 748 3056 26.

331 3116 367 3189 si
394 3115 583 3215 seeundum
613 3120 721 3197 dictat
749 3127 883 3228 regulas
910 3066 1159 3202 ειιιιιιίιιιιιιιιιΙ

148 3279 151 3284 ,
228 3234 445 3336 alphabetum
468 3263 624 3316 noattuna
639 3238 837 3332 Rusticum,
883 3240 1081 3326 inueuimui
1103 3253 1142 3324 in

226 3361 289 3435 illo
314 3383 435 3436 omnes
457 3363 572 3439 literas
599 3370 703 3442 certia
728 3370 928 3446 nominibus
948 3371 1141 3478 insignitas,
1221 3469 1223 3478 Α

168 3531 171 3542 .
226 3506 302 3580 qua
317 3505 403 3567 non,
441 3507 479 3559 ut
496 3489 586 3590 apud
602 3495 740 3566 Grecos
758 3517 793 3571 et
806 3498 921 3597 platea
936 3497 1017 3570 aliaa
1033 3497 1141 3572 natio·

217 3631 304 3732 ¹nas,
330 3610 480 3710 alingva
496 3617 678 3712 peregrina
693 3615 850 3692 detumta
863 3638 963 3706 tunt,
988 3615 1050 3696 aad
1069 3640 1139 3692 ιιιιι
